2081 3169
411 216 478 268 28
800 182 805 185 k
957 212 1359 264 O'DARUM

303 332 326 374 5
485 336 621 392 quae
639 318 790 390 prius
814 317 1044 371 multum
1065 316 1232 372 facilis
1252 318 1497 372 movebat

484 394 745 448 cardines,
824 393 991 447 Audis
1012 395 1193 447 minus
1213 401 1262 448 ct
1283 395 1462 448 minus
1487 395 1624 450 iam:

482 470 600 523 »Me
618 477 707 523 tuo
729 467 910 542 longas
929 478 1179 539 pereunte
1199 477 1391 534 noctae,
1465 490 1474 503 ·

640 544 827 618 Lydia,
851 543 1124 598 dormis‘?«

488 637 719 691 Invicem
740 635 983 690 moechos
1010 652 1146 689 anus
1166 645 1484 709 arrogantes·

303 722 354 764 ιο
486 709 635 765 flebis
655 712 711 765 in
732 710 842 765 solo
864 710 993 764 levis
1013 711 1314 783 angiportu,

487 786 707 840 Thracio
727 786 1008 839 bacchante
1028 786 1201 859 magis
1218 787 1323 840 sub
1342 788 1501 842 inter-

636 860 782 915 lunia
804 869 984 915 vento:

485 971 655 1025 quum
675 952 772 1006 tibi
794 950 1021 1026 flagrans
1040 969 1204 1018 amor,
1235 961 1286 1006 et
1305 952 1487 1018 libido,

484 1046 620 1100 quae
639 1027 768 1082 solet
787 1036 976 1082 matres
996 1026 1190 1081 furiare
1215 1044 1494 1100 equorum,

302 1114 352 1157 15
483 1103 677 1157 saeviet
695 1105 829 1157 circa
851 1105 993 1157 iecur
1020 1102 1336 1168 ulcerosum,

638 1195 744 1233 non
764 1178 878 1232 sine
897 1186 1107 1249 questu,

485 1270 613 1325 laeta
632 1270 777 1342 quod
794 1269 964 1341 pubes
984 1270 1176 1324 hedera
1203 1270 1391 1324 virenti

480 1345 704 1418 gaudeat
723 1345 866 1416 pulla
890 1347 1062 1418 magis
1081 1354 1238 1417 atque
1260 1351 1459 1419 myrto3

482 1421 654 1474 aridas
675 1419 884 1475 frondes
904 1421 1095 1474 hiemis
1114 1420 1286 1474 sodali

299 1504 351 1546 2⁰
631 1495 831 1550 dedicet
850 1495 1011 1550 Euro.

812 1708 861 1763 0
922 1710 984 1764 D
1045 1708 1098 1764 Ε
1216 1709 1506 1765 XXVI.

618 1825 709 1868 An
756 1824 1002 1869 mnsam
1047 1825 1137 1867 DE
1182 1826 1405 1878 Aemo,
1440 1826 1681 1870 Lama.

404 2030 576 2068 Relictis
597 2030 702 2068 curis
723 2031 917 2081 rebusque
935 2031 1111 2081 publici·
1122 2058 1135 2075 ,
1166 2045 1255 2069 cum
1272 2032 1411 2069 Lamia
1429 2021 1577 2069 musii-e
1603 2032 1853 2085 poetieeque
1873 2053 1922 2077 ιο

805 2094 1031 2130 conversari
1053 2093 1178 2142 cupit.
1229 2097 1350 2132 Metr.
1376 2096 1493 2132 XVI.

476 2167 666 2231 Musis
680 2178 882 2231 amicus
902 2177 1167 2231 tristitiam
1189 2184 1240 2230 et
1260 2185 1431 2231 metus

478 2253 678 2307 tradam
699 2253 953 2323 protervis
976 2253 1029 2305 in
1061 2270 1204 2306 mare
1222 2252 1483 2307 Creticum

550 2336 754 2399 portare
774 2327 967 2381 ventis:
1011 2328 1137 2399 quis
1156 2328 1258 2381 sub
1277 2328 1431 2381 Arcto

634 2421 725 2457 rex
743 2402 946 2476 geljdae
966 2411 1228 2456 metuatur
1246 2420 1381 2466 orae,

295 2505 318 2546 5
477 2494 612 2566 quid
633 2495 1120 2557 Tiridaten-terreat,
1145 2511 1298 2548 umce

476 2587 711 2623 securus,
792 2569 837 2622 O
857 2586 994 2639 quae
1012 2566 1245 2622 fontibus
1264 2571 1481 2643 integris

550 2644 768 2716 gaudes»,
793 2644 994 2713 apricos
1017 2652 1160 2697 necte
1181 2643 1348 2708 florea,

632 2725 778 2771 necte
802 2735 918 2771 meo
940 2719 1152 2772 Lamiae
1169 2719 1431 2786 coronam,

1175 2797 1192 2815 0
