2081 3169
603 189 804 229 NOTAE
837 188 917 227 AD
948 187 1122 226 Erls'r.
1152 188 1262 227 LIB.
1296 190 1331 226 1.

158 285 259 335 gisse
276 282 416 331 Porph

1662 177 1760 230 347

471 283 581 319 'o.—·
597 284 720 320 V.⁵0.
735 282 806 321 Al.
827 280 947 318 abra·
979 280 1173 330 primum,
1188 286 1236 317 ut
1254 293 1344 317 eum
1360 279 1487 329 gratia
1501 286 1541 317 et
1557 279 1762 317 urbanita-

155 344 268 375 cum,
290 332 344 368 nl.
366 343 390 365 a
420 340 554 365 rasum
570 341 582 353 ·
607 334 647 366 et
671 334 797 365 nostr.
815 327 946 366 Mein.
979 334 1021 365 te
1040 326 1189 363 librum
1215 328 1373 364 tradat:
1417 329 1608 366 alterum,
1641 339 1692 362 ne
1718 326 1761 363 in

155 381 271 416 —V.
291 381 353 415 63.
374 382 490 423 neget
511 355 584 411 ill}
608 376 744 411 Bentl.
771 387 821 411 ex
839 373 947 421 opti-
981 374 1124 421 vulgus
1160 379 1318 415 narret,
1362 374 1410 409 ab
1446 372 1615 409 Horatio
1654 373 1761 410 mitti

156 424 233 462 mis
253 422 371 461 libris
391 421 489 457 suis.
541 422 657 468 Vulg.
678 427 815 468 negat.
834 422 945 456 —V.
983 419 1157 456 carmina
1184 419 1234 455 ad
1258 419 1502 466 Augustum,
1530 419 1673 469 quibus
1693 420 1762 456 de-

156 475 219 509 96.
238 468 364 507 semel
376 481 453 554 gro
470 465 599 503 simul
613 466 792 504 restituit
809 467 946 504 Bentl.
982 465 1123 504 lectari
1144 464 1283 513 possit.

159 530 209 553 ex
230 517 321 553 cdd.

157 566 287 601 True.
307 567 345 605 1,
370 565 410 605 2,
429 564 467 598 6.

205 626 380 661 EPIST.
409 625 445 667 1,
472 625 512 667 8,
531 624 566 659 ⁵.
600 619 776 658 oleamve
807 621 945 658 Bentl.

161 685 182 707 e
201 672 316 708 codd.
337 676 459 707 recte.
618 671 624 678 ⁶

206 734 385 770 EPIS'P.
413 734 449 775 1,
475 736 539 776 30,
564 735 603 769 3.
634 738 677 768 at
693 738 821 767 cetera
841 737 946 767 reete

160 780 297 818 Bentl.
326 778 458 818 Mein.
486 792 507 815 e
536 779 624 816 cdd.
641 798 691 805 —
708 780 758 816 V.
785 781 846 814 19.
873 790 946 825 pro

161 824 326 874 lapillis
351 825 486 861 Bentl.
515 824 620 861 coni.
647 824 804 873 tapetis.
829 844 879 852 —
894 826 945 861 V.

159 876 220 909 24.
242 870 418 919 expelles
432 871 570 908 Bentl·
588 870 717 909 Mein.
739 883 760 907 e
780 870 868 907 cdd.

206 935 385 973 EPIS'P.
405 936 441 977 1,
462 938 523 977 13,
535 938 594 971 16.
613 932 742 972 Mein.
765 945 853 968 cum
868 933 948 969 Fen

162 994 254 1027 ne03
287 980 359 1018 alii
379 993 482 1017 rece.
501 992 566 1023 ne,
588 987 626 1017 et
644 979 701 1016 sic
720 979 810 1015 edd.
829 984 947 1023 vett-3

161 1028 233 1065 alii
272 1026 446 1075 denique
478 1037 568 1062 neu.
618 1028 688 1063 Vs.
731 1038 813 1073 seq.
848 1029 946 1062 vett.

161 1080 346 1123 possunt,
374 1085 477 1109 reec.
500 1071 670 1119 possint.
719 1071 856 1119 Atque
875 1083 946 1118 po-

161 1120 327 1163 sterius,
340 1119 398 1156 uti
414 1125 453 1155 et
470 1131 601 1167 praee.
612 1130 670 1155 vs.
683 1129 731 1153 ne
746 1116 948 1170 plerisque

160 1166 281 1203 libris
300 1164 536 1202 stabilitum.
585 1166 663 1201 Sed
682 1165 796 1210 longe
822 1175 949 1198 maior

162 1211 364 1249 dubitatio
382 1212 431 1247 de
440 1223 559 1247 sensu
577 1215 616 1247 et
634 1208 944 1247 constructione.

160 1256 424 1295 Recentiores
470 1256 578 1293 enim
619 1262 710 1304 post
765 1254 948 1291 Caesaris

150 1303 384 1342 'semicolon
409 1308 583 1351 ponunt,
611 1308 649 1339 et
666 1300 872 1350 sequentia
891 1300 948 1337 sic

159 1350 358 1388 videntur
376 1348 577 1398 accipere:
607 1348 747 1398 quodsi
765 1354 805 1383 te
823 1348 948 1383 multa

161 1410 284 1446 prece
320 1402 452 1439 orent,
485 1402 532 1432 tu
566 1407 685 1443 perge
720 1393 762 1430 in
789 1392 948 1430 itinere.

159 1445 222 1483 At
241 1441 433 1491 primum,
453 1441 633 1491 quisnam
653 1444 811 1477 euntem
830 1437 949 1475 fasci-

164 1491 384 1538 culumque
426 1488 620 1525 ferentem
667 1484 796 1521 multa
835 1497 951 1532 prece

163 1542 273 1576 oret,
306 1541 352 1571 ut
378 1533 456 1571 sibi
489 1534 613 1577 dicat,
641 1532 741 1582 quid.
766 1531 819 1568 sit
872 1531 950 1567 uod

160 1581 298 1622 ferat?
342 1580 502 1619 Deinde
520 1594 600 1617 non
620 1579 768 1617 iustum
783 1591 856 1616 ver
885 1590 950 1614 um

160 1631 208 1668 in
235 1629 315 1666 hoe
341 1640 458 1665 sensu
483 1628 646 1664 videtur
669 1637 799 1668 orare,
855 1637 950 1660 uum

159 1676 302 1726 potius
354 1686 500 1723 rogare
541 1672 661 1710 huius
708 1671 789 1709 loci
850 1676 948 1710 oret.

164 1726 286 1762 Certe
322 1733 435 1757 orare
470 1733 549 1757 non
585 1723 644 1756 est
675 1716 847 1762 curiosi,
883 1717 952 1754 sed

164 1770 272 1811 eius,
292 1767 361 1817 qui
381 1779 463 1803 rem
483 1765 624 1803 seriam
643 1764 815 1813 aliquem
841 1764 951 1801 obte-

163 1821 311 1857 statur,
338 1819 385 1850 ut
409 1813 506 1849 facit
532 1811 725 1849 Horatius
750 1809 792 1846 in
809 1809 885 1846 hae
903 1811 953 1846 ad

161 1860 334 1899 Vinium
355 1860 463 1897 omni
480 1858 673 1896 oratione.
697 1858 858 1895 Certum
877 1862 952 1901 est,

165 1913 308 1944 oratus
333 1904 460 1942 multa
477 1916 594 1954 prece
628 1905 676 1941 de
706 1903 867 1941 Horatii
903 1903 953 1940 ad

164 1953 336 1991 Vinium
374 1950 714 2001 exhortationibus
749 1948 952 1998 aecipien-

163 2003 263 2039 dum
292 2012 389 2042 esse,
415 2003 460 2035 ut
486 1998 619 2046 suppl.
657 2009 683 2032 a
718 2009 779 2033 me
801 2003 949 2032 oratus.

162 2049 225 2087 At
244 2058 338 2083 vero
355 2051 442 2083 tum
466 2056 613 2081 novum
638 2042 805 2079 dubium
823 2044 954 2080 oritur

164 2097 217 2132 de
243 2104 310 2129 vv.
340 2092 466 2128 nitere
493 2101 641 2139 porro,
679 2101 779 2137 quae
806 2101 854 2126 ex
877 2089 952 2125 hac

161 2137 502 2187 interpretatione
537 2149 618 2173 non
645 2141 811 2184 possunt
845 2145 949 2171 esse:

155 2198 292 2239 perge
310 2185 354 2221 1⁰12
375 2184 534 2226 itinere,
554 2193 649 2219 nec:
681 2181 712 2220 i,
724 2179 951 2236 proficisce-

163 2246 226 2277 re,
264 2232 355 2268 ideo
391 2231 500 2279 quod
522 2229 600 2264 hoe
627 2241 667 2263 se
699 2233 810 2264 uitur
833 2240 953 2264 versu

164 2282 329 2318 demum
355 2274 560 2326 sequenti:
600 2275 666 2311 Va
696 2286 730 2317 e,
749 2272 854 2317 vale,
875 2279 951 2310 eet.

166 2324 284 2372 Quid
302 2322 456 2360 multa?
490 2322 602 2358 loeus
621 2320 680 2357 sie
695 2319 952 2368 accipiendus

164 2371 268 2409 erit:
302 2371 446 2411 Porro,
464 2368 590 2404 multa
608 2379 630 2402 ι
647 2379 710 2403 me
727 2378 845 2414 prece
864 2377 953 2401 ora-

160 2426 248 2460 tus,
278 2430 300 2452 o
333 2427 437 2452 eram
465 2415 530 2458 da,
558 2425 609 2449 ne
631 2413 752 2460 vulgo
778 2424 952 2465 enarres,

161 2472 208 2502 te
234 2475 301 2499 mu
320 2468 362 2498 to
391 2473 482 2497 cum
508 2460 651 2496 sudore
682 2464 954 2507 opportawsse

165 2508 363 2550 carmina,
385 2519 485 2561 ‘1⁰⁸9
504 2511 582 2543 ete.
631 2505 771 2556 Atque
795 2504 854 2542 sie
870 2504 955 2541 fere

164 2563 206 2594 et
252 2553 419 2603 pristim
463 2557 705 2600 interpretes
750 2562 953 2599 accepere.

160 2605 257 2642 Nec
286 2599 428 2641 officit,
455 2599 563 2648 quod
590 2603 682 2647 post
704 2608 826 2645 porro
848 2595 954 2633 nihil

161 2648 334 2687 tertium
353 2651 422 2682 aut
440 2651 627 2695 quartum
645 2645 838 2694 sequitur.
863 2643 957 2678 Duo

408 514 438 550 f·
465 515 597 551 Plaut·
625 516 748 552 M⁰⁸t·
767 516 807 557 ²³
826 517 866 557 ²²
884 516 945 549 4⁰·
1025 528 1199 565 EPIST.
1220 528 1257 570 1,
1275 530 1338 570 14,
1356 530 1394 565 6.
1415 534 1608 572 moratur,
1635 539 1762 563 more-

978 580 1098 611 turne
1142 573 1395 610 scribendum
1435 573 1487 610 sit
1531 586 1621 609 cum
1670 575 1759 610 cdd.

977 620 1121 658 Lamb.
1144 626 1182 656 et
1199 621 1319 663 Fene,
1339 619 1482 656 merito
1507 619 1695 666 ambigas.
1712 640 1764 648 —

981 668 1032 704 V.
1060 671 1098 704 9.
1117 668 1196 703 Pro
1223 672 1333 701 amat
1361 666 1497 701 Bentl.
1525 666 1639 701 malit
1658 672 1761 700 avet.

979 734 1029 742 —
1045 714 1094 750 V.
1112 715 1173 749 43.
1192 710 1444 750 Meineekius
1471 711 1614 747 adiect.
1638 712 1764 759 piger

978 760 1030 798 td
1049 759 1244 796 caballum
1260 758 1402 803 trahit,
1422 770 1512 794 cum
1528 757 1730 795 Bentleio.

1024 836 1199 872 EPIST.
1238 836 1274 877 1,
1309 836 1372 878 1⁵,
1407 836 1467 871 16.
1520 833 1611 872 Alii
1652 832 1764 882 iugis

981 893 1123 964 aggae,
1143 880 1347 963 alciddulcis
1364 892 1491 929 aquae
1499 892 1516 926 ,-
1548 886 1684 917 utrum
1716 893 1764 916 ue

980 933 1251 1025 ξὀτέιιεῒιιξᾳαὲ
1259 926 1591 1010 &sathael-egi·
1601 927 1765 1010 {gitigff

982 1033 1051 1057 nes
1070 1025 1287 1067 separatam
1305 1018 1454 1056 habent
1480 1018 1700 1067 epistolam.
1714 1039 1765 1047 —

983 1068 1032 1102 V.
1050 1069 1112 1102 37.
1133 1066 1239 1101 vett.
1261 1066 1350 1102 edd.
1369 1071 1592 1114 correptae:
1618 1063 1765 1101 bestius

983 1111 1088 1149 idem
1107 1117 1182 1148 etc.
1203 1112 1328 1148 aliae:
1364 1117 1564 1159 correptus
1579 1112 1765 1148 Bestius:

984 1157 1092 1212 idem
1111 1163 1186 1212 etc.
1222 1158 1346 1195 aliae:
1384 1158 1600 1195 correctus.
1642 1159 1761 1193 Mae-

983 1216 1078 1241 ntus
1114 1203 1220 1240 vdem
1256 1211 1333 1259 etq.
1380 1205 1522 1242 Nostr.
1558 1205 1694 1241 Bentl.
1724 1209 1764 1239 et

982 1250 1418 1345 Beezsiiuffinqgiteiutqh

984 1349 1022 1380 ot
1040 1343 1297 1391 prodigorum
1327 1348 1539 1384 corrector,
1564 1354 1596 1395 .¹·
1616 1354 1650 1378 e.
1671 1354 1765 1377 een-

984 1402 1065 1472 sgg,
1093 1387 1370 1436 reprehensor.
1405 1387 1467 1424 Cf.
1494 1388 1627 1435 Epist.
1648 1387 1705 1431 11,
1725 1391 1764 1430 1,

1028 1498 1203 1535 EPIST.
1226 1498 1261 1541 1,
1280 1499 1344 1540 16,
1364 1500 1400 1534 3.
1432 1494 1561 1533 Mein.
1582 1494 1767 1544 pomz'sve

984 1556 1052 1580 an.
1103 1545 1212 1580 Vett.
1234 1543 1418 1592 pomisne
1443 1548 1480 1577 ee
1499 1554 1567 1590 pr.
1584 1543 1700 1580 —V.
1726 1546 1765 1579 9.

983 1590 1229 1628 Indiestivos
1260 1587 1405 1636 serunt
1427 1609 1476 1617 -
1502 1591 1615 1626 iuvat
1648 1589 1768 1627 resti-

983 1637 1066 1674 tuit
1086 1637 1223 1674 Banu.
1253 1650 1274 1673 e
1302 1637 1400 1674 cdd.
1414 1642 1452 1673 et
1467 1635 1590 1673 habet
1606 1635 1766 1673 Meine-

987 1683 1072 1720 cke.
1091 1704 1141 1712 —
1158 1685 1208 1720 V.
1227 1686 1287 1720 14.
1306 1683 1378 1720 Al.
1395 1682 1498 1729 fluit
1525 1680 1657 1725 utilis,
1684 1683 1767 1718 uti-

986 1729 1042 1766 lie
1058 1729 1168 1770 alvo,
1195 1730 1246 1766 al.
1266 1728 1318 1775 fl.
1340 1734 1456 1775 aptus
1474 1735 1510 1763 ee
1526 1726 1643 1763 utilis
1660 1727 1766 1764 alvo.

989 1776 1175 1823 Quorum
1206 1774 1314 1811 illud
1346 1774 1541 1821 praefero.
1567 1794 1615 1801 —
1632 1775 1681 1809 V.
1708 1776 1768 1812 15.

985 1822 1195 1860 Bentleius
1226 1821 1391 1856 maluit:
1424 1825 1460 1854 et
1486 1819 1595 1866 (iam
1620 1821 1661 1855 si
1684 1831 1769 1855 cre-

987 1869 1091 1925 dis).
1140 1867 1258 1914 Vulg.
1286 1866 1425 1908 etiam,
1450 1866 1492 1901 si
1505 1864 1647 1901 c'redis.
1696 1865 1768 1904 Al.

987 1923 1024 1953 ee
1045 1927 1145 1959 tam,
1171 1914 1212 1950 si
1235 1911 1386 1958 endis,-
1422 1911 1529 1961 quod
1545 1923 1686 1949 verum
1703 1913 1767 1949 vi-

987 1964 1118 2001 detur.
1167 1962 1273 1998 Nam
1300 1959 1436 1996 dulces
1453 1964 1576 1995 ·eraut
1611 1971 1685 2007 per
1711 1972 1767 2002 se,

987 2007 1208 2046 solitariam
1228 2007 1350 2044 vitam
1377 2004 1551 2051 amanti3
1584 2018 1770 2042 amoenae

987 2061 1121 2092 nutem
1146 2054 1274 2091 sactae
1303 2058 1416 2089 erant
1443 2057 1527 2088 arte
1555 2058 1594 2088 et
1613 2054 1770 2089 cultura

986 2099 1165 2144 Horatii,
1209 2097 1443 2147 possessoris
1489 2098 1565 2134 sui.
1633 2098 1770 2144 Quare

988 2154 1080 2196 apte
1118 2152 1157 2183 et
1191 2145 1365 2182 modeste
1391 2143 1526 2180 addit:
1557 2142 1599 2179 si
1627 2143 1769 2180 credis.

985 2214 1035 2223 --
1052 2194 1103 2230 V.
1124 2195 1185 2230 46.
1206 2191 1308 2229 dic-it
1324 2190 1460 2227 Bentl.
1489 2203 1511 2224 e
1539 2189 1628 2226 cdd.
1649 2190 1768 2236 Vulg-

988 2239 1111 2276 dt'eaae.
1159 2241 1298 2277 Nostr.
1326 2236 1456 2275 Mein.
1479 2254 1529 2263 ·-
1544 2236 1595 2271 V.
1614 2237 1676 2272 49.
1698 2237 1769 2271 Sa-

987 2286 1117 2323 bellus
1153 2283 1344 2322 nimirum
1370 2281 1456 2330 ipse
1481 2279 1692 2324 Horatius,
1720 2280 1769 2316 ob

988 2331 1193 2370 Sabinum.

1032 2394 1207 2432 EPIST.
1245 2394 1281 2436 1,
1316 2396 1379 2436 17,
1408 2393 1470 2428 43.
1497 2390 1722 2426 Benthsua
1749 2401 1770 2425 e

990 2441 1080 2478 cdd.
1128 2441 1251 2477 Rece.
1276 2450 1363 2475 cuo.

1034 2505 1209 2541 EPIST.
1237 2504 1272 2546 1,
1299 2504 1362 2545 18,
1388 2502 1425 2537 8.
1467 2496 1644 2536 Restitui
1670 2503 1771 2534 vett.

992 2549 1219 2594 lectionem,
1239 2562 1312 2598 pro
1331 2559 1407 2596 qua
1425 2543 1634 2596 Bentleius
1655 2555 1771 2590 repo-

991 2602 1125 2633 suerat
1146 2595 1231 2632 dici
1247 2605 1367 2630 mera.
1395 2594 1544 2629 Verum
1562 2600 1668 2626 emm
1684 2594 1772 2625 tum

993 2642 1097 2679 idem
1116 2642 1236 2678 huius
1263 2639 1471 2689 rhythmus
1501 2649 1589 2673 cum
1636 2646 1770 2670 raece-

1434 1256 1637 1300 tamquam
1665 1250 1766 1286 alter

1421 1307 1508 1332 omo
1531 1308 1764 1350 perparcm,

166 2696 279 2736 enim
314 2697 433 2738 sunt,
480 2703 580 2742 quse
617 2697 704 2732 orat
737 2687 955 2730 Horatius:
992 2688 1123 2729 dentis
1142 2695 1257 2728 tonsa
1274 2693 1384 2734 cutc3
1412 2685 1519 2736 quod
1535 2689 1599 2722 stu
1627 2685 1667 2719 et
1684 2678 1772 2719 evi-
