2081 3169
324 303 376 347 25

330 1053 382 1097 35

331 1504 384 1551 40

334 1882 386 1928 45

335 2262 386 2304 50

339 2641 391 2684 55

431 188 533 243 266
898 189 1457 238 EPIsToLARUM

434 292 641 355 Contra,
667 308 830 363 quem
850 291 1053 364 duplici
1072 309 1250 364 panno
1266 292 1516 364 patientia
1534 289 1692 357 velat,-

433 366 684 433 mirabor,
708 368 847 422 vitae
866 368 953 422 via
971 368 1019 421 si
1044 385 1295 423 conversa
1315 367 1536 421 decebit.

432 441 576 515 Alter
592 459 923 514 purpureum
942 460 1049 498 non
1069 443 1388 515 exspectabit
1406 445 1680 504 amictum,

435 517 698 589 quidlibet
716 517 937 573 indutus
957 518 1292 573 celeberrima
1312 535 1405 588 per
1426 516 1537 571 loca
1555 516 1731 583 vadet,

434 610 818 665 personamque
836 592 963 647 feret
981 610 1088 648 non
1110 593 1458 648 inconcinnus
1477 600 1794 664 utramque:

437 666 565 722 alter
584 668 745 722 Mileti
767 676 961 723 textam
980 686 1109 723 cane
1127 669 1280 739 peius
1305 676 1356 720 et
1375 667 1540 740 angui

437 743 626 798 vitabit
642 742 1005 817 chlamydem3
1052 744 1301 798 morietur
1319 741 1531 815 frigore,
1554 744 1732 798 sinon

436 816 673 872 retuleris
691 835 958 889 pannum:
999 818 1132 873 refer
1148 827 1199 873 et
1217 820 1332 872 sine
1351 818 1496 872 vivat
1515 818 1748 889 ineptus.

440 893 541 947 Res
559 910 737 965 gerere
754 900 804 947 et
820 902 996 965 captos
1018 893 1288 949 ostendere
1306 893 1516 947 civibus
1533 893 1732 959 hosteS,

440 966 648 1041 attingit
664 967 858 1023 solium
880 970 1018 1025 Iovis
1037 977 1090 1024 et
1105 968 1344 1024 coelestia
1365 975 1544 1022 tentat.

439 1042 775 1113 Principibus
793 1044 1055 1115 placuisse
1074 1045 1205 1100 viris
1226 1061 1331 1099 non
1352 1041 1540 1098 ultima
1562 1042 1679 1097 laus
1700 1049 1802 1097 est.

441 1119 559 1172 Non
580 1117 751 1172 cuivis
770 1119 975 1174 bomini
994 1120 1252 1193 contingit
1270 1119 1414 1174 adire
1439 1117 1773 1173 Corinthum.

439 1191 600 1257 Sedit,
625 1194 722 1264 qui
742 1193 934 1259 timuit,
958 1213 1026 1249 ne
1045 1212 1152 1250 non
1177 1193 1514 1250 suooederet:
1542 1201 1678 1247 estc.-

439 1266 608 1340 quid‘?
643 1267 739 1339 qui
758 1270 1014 1339 pervenit,
1038 1269 1223 1324 fecitne
1241 1266 1499 1323 viriliter?
1534 1268 1699 1340 Atqui
1938 1314 1950 1326 .

440 1344 530 1398 bic
552 1350 630 1398 est
656 1351 747 1397 aut
776 1363 1063 1417 nusquam,
1094 1344 1240 1417 quod
1265 1347 1592 1471 quaerlilmus.
1673 1343 1774 1398 Hic
1802 1360 1935 1398 onus

1467 1424 1620 1482 orret,

439 1504 500 1550 ut
515 1494 694 1566 parvis
719 1495 912 1549 animis
932 1501 982 1549 et
1000 1511 1164 1565 parvo
1183 1509 1395 1564 corpore
1418 1492 1619 1560 maius3

440 1571 531 1626 hic
547 1571 692 1625 subit
711 1578 761 1625 et
777 1569 986 1643 perfert.
1066 1570 1174 1626 Aut
1193 1569 1363 1629 virtus
1383 1584 1574 1624 nomen
1596 1568 1757 1624 inane
1777 1578 1876 1635 est,

443 1655 534 1702 aut
552 1646 712 1700 decus
730 1654 782 1700 et
798 1647 1026 1718 pretium
1047 1654 1180 1700 recte
1199 1646 1327 1717 petit
1350 1645 1625 1717 experiens
1647 1646 1751 1700 vir.

444 1722 633 1779 Coram
654 1739 775 1795 rege
790 1739 890 1777 sua
909 1721 974 1776 de
991 1728 1297 1794 paupertate
1318 1728 1543 1775 tacentes

442 1797 566 1869 plus
583 1805 826 1868 poscente
842 1796 1026 1852 ferent.
1104 1797 1288 1861 Distat,
1312 1812 1562 1851 sumasne
1581 1794 1866 1866 pudenter,

443 1891 511 1927 an
532 1873 725 1944 rapias».
804 1872 968 1945 Atqui
988 1890 1168 1927 rerum
1187 1880 1347 1944 caput
1363 1872 1464 1927 boc
1480 1878 1607 1935 erat,
1631 1870 1723 1925 hic
1741 1869 1887 1926 fons.

441 1947 711 2002 »Indotata
730 1948 866 2003 mihi
883 1964 1029 2003 soror
1048 1956 1143 2012 est,
1165 1946 1485 2020 paupercula
1505 1953 1694 2010 mater,

441 2031 528 2078 »et
544 2021 745 2078 fundus
770 2041 868 2078 nec
886 2023 1174 2080 vendibilis
1194 2040 1291 2078 nec
1309 2040 1518 2095 pascere
1539 2022 1750 2086 firmuS,
1766 2044 1794 2075 «

443 2099 540 2171 qui
560 2097 704 2164 dicit,
734 2098 950 2155 clamat:
993 2100 1241 2155 »Victum
1260 2099 1379 2154 date
1394 2099 1404 2152 l
1419 2120 1446 2152 α
1486 2097 1725 2152 Succinit
1744 2097 1903 2154 alter:

444 2175 545 2229 »Et
561 2175 697 2229 mihi
715 2174 938 2231 dividuo
956 2174 1189 2230 findetur
1208 2192 1428 2231 munere
1445 2172 1669 2247 quadra.
1682 2196 1709 2227 α

445 2250 549 2306 Sed
566 2251 754 2306 tacitus
772 2251 916 2322 pasci
943 2252 991 2305 si
1009 2256 1184 2323 posset
1201 2266 1410 2316 corvus,
1435 2249 1650 2304 haberet

444 2326 569 2399 plus
587 2327 758 2399 dapiS,
778 2334 831 2382 et
848 2326 995 2381 rixae
1013 2325 1183 2381 multo
1201 2326 1384 2381 minus
1404 2324 1760 2396 invidiaeque.

443 2402 791 2458 Brundisium
802 2419 977 2458 comes
996 2410 1088 2458 aut
1097 2401 1409 2458 Surrentum
1427 2400 1619 2456 ductus
1637 2416 1947 2465 amoenum,

446 2480 543 2551 qui
562 2478 802 2551 queritur
825 2476 1060 2534 salebras
1077 2484 1129 2533 et
1147 2478 1397 2534 acerbum
1414 2476 1587 2550 frigus
1606 2484 1657 2530 et
1676 2476 1881 2533 imbrae

448 2562 539 2611 aut
562 2554 749 2609 cistam
766 2552 1030 2610 effractam
1050 2560 1100 2609 et
1121 2553 1383 2609 subducta
1400 2551 1591 2608 viatica
1611 2549 1784 2624 plorat
1799 2588 1813 2612 ‚
1869 2592 1874 2595 Α

448 2637 569 2685 nota
587 2628 742 2684 refert
765 2629 1052 2685 meretricis
1073 2629 1337 2694 acumina,
1361 2645 1516 2700 saepe
1531 2626 1775 2681 catellam
1811 2630 1814 2633 “

448 2722 604 2778 saepe
617 2705 983 2779 periscelidem
1002 2714 1208 2781 raptam
1226 2704 1333 2763 sibi
1353 2703 1544 2771 flentis,
1565 2704 1648 2762 uti
1668 2721 1803 2760 mcx

314 2806 453 2893 Ἃ»
