2081 3169
696 209 1152 255 POETICA.
1568 207 1669 260 299

168 317 233 366 ut
250 307 389 364 nihil
411 308 632 373 intersit,
654 310 901 365 Davusne
920 309 1166 380 loquatur
1185 319 1235 363 et
1254 311 1429 365 audax

167 383 410 459 PythiaS‚
434 392 679 438 emuncto
699 383 894 438 lucrata
913 384 1127 438 Simone
1152 383 1423 451 talentum,

170 478 241 515 an
262 465 437 512 custos
454 457 794 529 famulusque
813 459 898 512 dei
918 458 1130 513 Silenus
1149 460 1373 514 alumni.

247 534 334 587 Ex
353 540 475 587 noto
497 533 676 586 fictum
696 550 906 587 carmen
932 542 1223 604 sequar,·ut
1243 535 1345 587 sibi
1366 537 1545 606 quivis
1698 546 1775 591 240

173 615 350 680 speret
367 607 527 672 idem,
556 608 708 661 sudet
728 608 978 673 multum,
1002 607 1301 680 frustraque
1322 609 1516 664 laboret

176 700 345 738 ausus
365 682 534 736 idem:
579 690 779 736 tantum
800 684 960 736 series
977 684 1329 755 iuncturaque
1345 684 1522 756 pollet,

170 766 383 813 tantum
404 756 468 811 de
493 757 665 812 medio
685 758 875 811 sumtis
896 758 1092 812 accedit
1111 758 1342 813 honoris.

170 832 340 888 Silvis
360 831 567 886 deducti
587 840 802 886 caveant
821 850 906 887 me
926 833 1097 887 iudice
1116 834 1305 898 Fauni,

171 925 243 962 ne
263 905 409 963 v'elut
429 907 595 961 innati
616 907 786 961 triviis
806 924 866 961 ac
885 925 1050 979 paene
1069 906 1315 972 forenseS,
1696 917 1774 963 245

172 990 268 1038 aut
288 981 516 1035 nimium
536 982 726 1046 teneris
749 982 1065 1036 iuvenentur
1085 983 1326 1036 versibus
1347 1000 1625 1054 umquam,

172 1064 268 1112 aut
288 1055 564 1111 immunda
583 1065 792 1127 crepent
811 1057 1270 1130 ignominiosaque
1294 1057 1449 1112 dicta.

172 1130 529 1187 Offenduntur
548 1131 708 1196 enim,
731 1132 931 1202 quibus
959 1139 1036 1186 est
1056 1149 1227 1204 equus
1247 1140 1295 1187 et
1312 1141 1456 1204 pater
1475 1141 1526 1187 et
1543 1151 1642 1198 ree,

170 1223 291 1270 nec,
316 1206 363 1258 si
383 1204 515 1276 quid
534 1204 670 1259 fricti
689 1207 869 1260 ciceris
886 1207 1073 1278 probat
1090 1216 1140 1261 et
1154 1208 1310 1273 nucis
1330 1215 1511 1274 emtor,

171 1281 362 1352 aequis
382 1280 647 1350 accipiunt
665 1281 875 1349 animis,
901 1282 1165 1338 donantve
1183 1299 1389 1337 corona.
1697 1295 1774 1336 250

252 1354 468 1428 Syllaba
491 1355 644 1429 longa
665 1356 813 1411 brevi
839 1356 1075 1410 subiecta
1094 1365 1307 1410 vocatur
1333 1357 1562 1411 iambuS.

170 1434 275 1486 Pes
295 1431 431 1483 citus
450 1429 610 1503 (unde
634 1431 791 1485 etiam
810 1431 1058 1485 trimetris
1078 1447 1363 1485 accrescere
1382 1432 1537 1484 iussit

171 1522 370 1561 nomen
391 1504 626 1577 iambeis)
644 1522 816 1577 quum
840 1522 994 1560 senos
1019 1505 1254 1560 redderet
1276 1506 1408 1559 ictus

170 1581 384 1654 primus
405 1580 472 1635 ad
490 1589 784 1636 extremum
805 1580 998 1635 similis
1016 1581 1140 1646 sibi,
1163 1598 1267 1636 non
1298 1581 1365 1635 ita
1387 1580 1590 1652 pridem

171 1656 372 1711 tardior
391 1664 449 1710 ut
464 1655 642 1728 paullo
660 1657 977 1729 graviorque
997 1657 1198 1712 veniret
1221 1657 1288 1711 ad
1307 1673 1476 1722 aurea„
1698 1668 1775 1710 255

171 1730 437 1803 spondeos
455 1730 668 1785 stabiles
688 1732 743 1785 in
766 1732 879 1786 iura
906 1740 1121 1803 paterna
1142 1732 1331 1802 recepit

172 1805 485 1861 commod-us
503 1813 553 1860 et
568 1806 789 1877 patienS‚
819 1823 927 1862 non
951 1814 1010 1861 ut
1028 1807 1095 1860 de
1111 1806 1234 1860 sede
1257 1804 1486 1860 secunda

172 1880 378 1936 cederet
396 1888 487 1935 aut
506 1890 696 1951 quarta,
708 1881 983 1936 socialiter.
1063 1881 1159 1938 Hic
1176 1888 1227 1935 et
1246 1881 1302 1936 in
1322 1881 1445 1935 Acci

173 1954 450 2012 nobilibus
473 1956 720 2010 trimetris
738 1963 951 2027 apparet
969 1974 1139 2021 raruS,
1164 1963 1213 2011 et
1231 1957 1372 2011 Enni

173 2033 234 2087 in
255 2048 465 2084 scenam
490 2031 680 2085 missos
701 2047 820 2084 cum
846 2049 1038 2105 magno
1055 2032 1283 2103 pondere
1302 2050 1503 2099 versuS‚
1695 2044 1774 2086 260

173 2114 268 2162 aut
287 2123 471 2176 operae
490 2105 672 2159 celeris
693 2106 921 2161 nimium
941 2124 1172 2178 curaque
1190 2108 1431 2173 carentiS‚

171 2188 269 2238 aut
287 2181 553 2254 ignoratae
569 2181 761 2252 premit
779 2182 905 2235 artis
924 2182 1145 2235 crimine
1172 2183 1335 2252 turpi.

170 2258 331 2310 »Non
351 2256 531 2327 quivis
552 2255 694 2310 videt
712 2256 1054 2327 immodulata
1074 2262 1309 2325 poemata
1330 2254 1509 2319 iudex,

171 2352 200 2385 ι)
212 2340 263 2385 et
281 2330 400 2384 data
419 2331 669 2385 Romanis
688 2332 842 2388 venia
860 2339 937 2385 est
962 2330 1181 2402 indigna
1201 2329 1384 2399 poetis.
1398 2349 1424 2380 α

172 2406 443 2462 Idcircone
462 2422 621 2478 vager
639 2406 974 2478 scribamque
995 2403 1243 2458 licenter?
1280 2405 1349 2458 Ut
1365 2420 1547 2458 omnes
1700 2413 1782 2457 265

171 2481 387 2539 visuros
407 2487 612 2552 peccata
630 2489 812 2552 putem
834 2499 966 2545 mea,
992 2489 1138 2534 tutus
1156 2486 1205 2533 et
1229 2479 1366 2533 intra

172 2574 327 2631 spem
348 2556 532 2611 veniae
551 2564 761 2610 cautus:
804 2556 968 2612 vitavi
989 2555 1219 2625 denique
1237 2553 1466 2625 culpam,

172 2650 285 2689 non
310 2630 522 2686 laudem
540 2632 730 2686 merui.
811 2631 914 2686 Vos
932 2628 1252 2699 exemplaria
1277 2627 1473 2682 Graeca

171 2716 435 2766 nocturna
453 2714 656 2766 versate
674 2723 856 2773 manu,
881 2711 1081 2764 versate
1099 2702 1310 2759 diurna.
