2081 3169
599 210 740 256 LIB.
781 210 849 257 11.
913 213 1162 258 EPIST.
1202 214 1247 259 1.
1570 208 1661 259 28¹!

168 311 450 383 scriptores
468 317 645 366 autem
664 329 874 365 narrare
892 319 1099 382 putaret
1116 311 1275 365 asello
1435 377 1438 380 Α

169 387 422 442 fabellam
441 385 624 441 surdo.
701 387 838 441 Nam
858 402 994 458 quae
1019 385 1323 441 vervincere
1343 403 1494 443 voces
1701 397 1780 441 200

169 461 418 517 evaluere
433 478 645 526 sonum,
669 459 900 515 referunt
918 478 1080 533 quem
1101 467 1274 515 nostra
1292 460 1523 517 theatra?

174 537 487 611 Garganum
507 536 719 610 mugire
744 542 900 607 putes
919 554 1111 591 nemus
1131 541 1223 590 aut
1240 553 1386 590 mare
1404 539 1665 609 Tuscum3

173 620 320 667 tanto
339 629 463 666 cum
482 612 704 682 strepitu
725 610 839 665 ludi
864 618 1165 682 spectantur
1189 617 1242 665 et
1259 618 1393 666 artes

172 688 498 758 divitiaeque
514 684 837 759 peregrinae,
860 686 1062 758 quibus
1081 685 1279 741 oblitus
1296 694 1437 742 actor

173 780 351 834 quum
370 761 511 816 stetit
528 761 585 816 in
605 778 779 824 scena,
803 761 1068 816 concurrit
1086 760 1297 817 dextera
1320 760 1514 818 laevae.
1702 774 1781 817 205

172 839 320 892 Dixit
334 835 546 909 -adhuo
590 834 834 909 aliquid?
894 835 1020 916 {Nil
1064 853 1211 891 sane.
1226 857 1252 889 «
1298 836 1471 965 ‘PQuid
1506 837 1675 909 placet

1166 928 1224 967 er
1259 928 1291 967 o

172 988 359 1056 »gLana
378 986 656 1040 Tarentino
678 984 841 1041 violas
863 986 1063 1041 imitata
1082 929 1305 1042 venego.
1319 1008 1347 1041 c<

170 1061 252 1116 Ao
269 1079 338 1115 ne
356 1059 485 1114 forte
509 1068 678 1132 puteS,
708 1078 813 1125 me,
836 1078 975 1133 quae
992 1060 1158 1117 facere
1177 1063 1291 1134 ipse
1310 1081 1563 1131 recusem,

172 1154 349 1209 quum
370 1143 504 1190 recte
522 1142 741 1191 tractent
759 1134 867 1201 alii,
901 1135 1116 1193 laudare
1134 1137 1395 1213 maligne3

172 1212 265 1266 ille
283 1228 378 1282 per
395 1217 666 1266 extentum
686 1209 869 1266 funem
890 1211 1027 1266 mihi
1044 1230 1201 1285 posse
1219 1213 1429 1270 videtur
1700 1224 1780 1268 210

170 1288 249 1341 ire
269 1293 433 1357 poeta,
458 1303 638 1341 meum
657 1286 753 1358 qui
771 1293 952 1357 pectus
971 1286 1198 1343 inaniter
1218 1290 1381 1361 angit,

169 1362 358 1426 irritat,
384 1360 593 1427 mulcet,
617 1360 765 1416 falsis
785 1361 1072 1416 terroribus
1098 1361 1299 1431 implet,

168 1446 232 1492 ut
250 1454 460 1509 maguS,
483 1443 534 1491 et
550 1436 706 1492 modo
728 1454 813 1491 me
833 1434 1047 1501 Thebis,
1071 1436 1229 1490 modo
1246 1435 1396 1509 ponit
1413 1436 1654 1491 Athenis.

174 1514 374 1569 Verum
399 1529 513 1586 age,
538 1519 588 1567 et
608 1512 711 1577 his,
735 1512 831 1583 qui
852 1529 908 1565 se
929 1511 1106 1565 lectori
1126 1510 1332 1566 credere
1351 1511 1575 1577 malunt,

169 1606 337 1661 quam
355 1589 654 1661 spectatoris
670 1587 880 1643 fastidia
898 1586 1033 1641 ferre
1051 1586 1286 1659 superbi,
1698 1598 1777 1642 215

167 1681 355 1719 curam
373 1663 530 1718 redde
549 1664 784 1728 brevem,
807 1662 855 1717 si
874 1680 1075 1717 munus
1095 1661 1338 1733 Apolline
1356 1663 1584 1736 dignum

170 1740 258 1794 vis
278 1739 536 1810 complere
557 1739 729 1804 libris,
752 1746 804 1792 et
816 1737 1028 1803 vatibus
1048 1736 1239 1792 addere
1258 1736 1443 1802 calcar,

167 1821 233 1868 ut
257 1814 433 1869 studio
452 1815 648 1869 maiore
664 1820 845 1885 petant
865 1812 1110 1868 Helicona
1134 1813 1407 1868 virentem.

169 1888 339 1945 Multa
358 1889 577 1961 quidem
597 1889 752 1943 nobis
772 1887 997 1943 facimus
1016 1888 1157 1944 mala
1174 1906 1328 1960 saepe
1348 1896 1541 1960 poetae,
1567 1921 1641 1930 —

166 1971 232 2019 ut
251 1963 426 2019 vineta
445 1971 650 2038 egomet
669 1963 882 2017 caedam
902 1981 1018 2019 mea
1037 1995 1115 2006 --
1132 1982 1306 2038 quum
1325 1964 1423 2020 tibi
1444 1963 1642 2020 librum
1696 1975 1775 2018 220

166 2038 392 2094 sollicito
410 2039 602 2095 damus
622 2046 713 2093 aut
731 2037 892 2108 fesso3
935 2057 1108 2112 quum
1128 2040 1406 2106 laedimur,
1436 2058 1608 2097 unum

166 2115 218 2169 si
236 2114 364 2187 quis
383 2114 674 2170 amicorum
694 2121 773 2168 est
790 2131 955 2169 ausus
973 2115 1286 2187 reprendere
1303 2133 1519 2170 versum
1535 2134 1547 2184 ;

164 2207 343 2263 quum
365 2189 474 2244 loca
495 2190 601 2245 iam
619 2189 826 2245 recitata
847 2188 1171 2245 revolvimus
1197 2189 1494 2259 irrevocati3

164 2283 340 2338 quum
364 2264 733 2330 lamentamur,
756 2281 864 2320 non
884 2281 1133 2336 apparere
1151 2264 1354 2318 labores
1591 2310 1594 2317 .

162 2347 394 2405 nostros,
423 2348 474 2394 et
490 2340 637 2395 tenui
653 2339 874 2395 deducta
893 2346 1129 2411 poemata
1152 2338 1266 2406 6103
1696 2347 1774 2392 225

162 2433 343 2488 quum
361 2432 657 2487 speramus,
680 2433 741 2470 eo
760 2432 873 2469 rem
892 2422 1190 2479 venturam,
1215 2419 1275 2467 ut
1292 2411 1453 2467 simul
1474 2419 1632 2484 atque

163 2491 406 2546 carmina
426 2489 663 2544 rescieris
681 2507 778 2545 nos
797 2489 1013 2563 fingere,
1035 2488 1346 2545 commodus
1364 2487 1504 2543 ultro

162 2582 420 2631 arcessaS,
443 2572 496 2619 et
511 2582 667 2638 egere
683 2573 844 2630 vetes,
868 2571 918 2619 et
945 2564 1173 2618 scribere
1197 2581 1373 2636 cogas,

159 2640 271 2697 Sed
290 2648 466 2695 tamen
486 2648 566 2695 est
580 2658 767 2714 operae
784 2639 1014 2714 pretium
1034 2655 1359 2712 cognoscere,
1385 2635 1570 2711 quales

160 2715 404 2774 aedituos
423 2715 612 2772 habeat
630 2715 758 2772 belli
777 2721 1003 2788 spectata
1028 2713 1281 2787 domique
1692 2719 1771 2765 230
