2081 3169
454 212 549 264 ⁴00
995 219 1400 267 oDARUM

449 333 481 369 o
500 315 717 380 Lenaee,
742 317 895 387 sequi
914 317 1077 372 deum

340 399 393 443 2ο
525 390 823 463 cingentem
840 392 999 447 viridi
1017 401 1250 466 tempora
1268 394 1541 467 pampino.

856 593 906 648 o
965 595 1027 649 D
1086 594 1139 649 E
1256 593 1548 677 xxvl.

948 710 1042 752 AD
1088 710 1444 755 VENEREM.

454 914 581 961 Quasi
600 914 854 953 abdicaturus
873 915 991 953 rebus
1011 915 1197 970 omnibus
1215 916 1425 959 Venereis.
1444 915 1488 954 in
1506 915 1586 955 fine
1602 923 1735 955 tamen
1754 918 1805 956 de
1825 918 1948 957 Chloe

768 985 906 1016 votum
922 978 1021 1016 sncit
1040 981 1093 1017 ad
1110 982 1318 1019 Venerem.
1365 983 1489 1020 Metr.
1508 980 1627 1019 xvl.

523 1069 666 1132 Vixi
688 1077 879 1148 puellis
898 1095 1069 1149 nuper
1089 1079 1328 1144 idoneae,

522 1159 573 1206 et
591 1151 814 1206 militavi
835 1170 940 1206 non
967 1154 1084 1207 sine
1102 1153 1296 1226 gloria:

598 1243 745 1280 nunc
764 1244 907 1280 arma
927 1227 1345 1299 defunctumque
1369 1227 1506 1282 bello

672 1300 913 1355 barbiton
932 1301 1021 1355 hic
1039 1303 1214 1373 paries
1233 1302 1464 1366 habebit,

341 1400 365 1444 5
525 1390 735 1445 laevum
756 1392 990 1447 marinae
1009 1394 1105 1464 qui
1125 1393 1343 1449 Veneris
1370 1391 1506 1447 latus

523 1465 767 1520 custodit.
845 1468 941 1520 Hic
960 1467 1050 1520 hic
1067 1467 1246 1538 ponite
1266 1466 1440 1521 lucida

597 1539 798 1596 funalia
819 1547 869 1596 et
889 1550 1059 1597 vectes
1078 1549 1129 1595 et
1147 1558 1300 1596 arcus

673 1617 927 1687 oppositis
947 1616 1150 1671 foribus
1170 1617 1416 1670 minaces,

523 1704 569 1760 Ο
588 1722 725 1776 quae
743 1708 967 1772 beatam,
991 1708 1134 1770 diva,
1160 1716 1302 1762 tenes
1322 1708 1561 1780 Cyprum
1581 1713 1631 1760 et

339 1788 392 1832 10
522 1780 797 1851 Memphin
817 1790 1075 1856 carentem
1096 1782 1334 1836 Sithonia
1355 1783 1496 1849 nive,

597 1856 796 1927 regina,
820 1856 1040 1911 sublimi
1068 1856 1272 1928 flagello

670 1936 826 2003 tange
846 1931 1045 1987 Chloen
1062 1931 1223 1986 semel
1243 1938 1592 2004 arrogantem.

828 2147 878 2202 0
936 2148 998 2202 D
1059 2146 1112 2201 E
1230 2144 1572 2201 XXVII.

914 2264 1005 2306 An
1049 2262 1470 2307 GALATEAM.

444 2463 662 2503 Dissuadet
679 2464 716 2503 ei
735 2464 814 2503 iter
830 2478 904 2514 per
927 2479 1035 2504 mare
1052 2467 1331 2505 Hadriaticum
1343 2494 1357 2511 ‚
1385 2467 1573 2515 Europae
1599 2464 1802 2513 imprimis
1828 2464 1945 2514 peri-

683 2529 773 2565 culo
791 2528 990 2576 prolixius
1010 2529 1058 2565 ob
1078 2531 1212 2567 oculos
1231 2529 1377 2578 posito.
1425 2531 1550 2567 Metr-
1568 2527 1710 2565 XVII.

497 2616 725 2693 —Impios
745 2642 927 2693 parrae
946 2626 1224 2680 recinentis
1243 2645 1400 2682 omen

522 2696 678 2749 ducat
696 2704 746 2748 et
760 2714 1057 2769 praegnans
1076 2702 1240 2766 came,
1264 2709 1356 2756 aut
1373 2701 1442 2756 ab
1461 2717 1588 2777 agro
