2081 3169
765 204 1080 252 LIBER.
1571 207 1668 263 447

164 303 338 381 simul
352 302 572 357 calentis
590 303 975 358 inverecundus
993 305 1126 360 deus

242 378 525 433 fervidiore
545 395 688 432 mero
708 395 893 432 aroana
910 388 1173 449 promorat
1193 380 1325 437 locO.

166 452 359 519 »Quod
378 453 422 506 si
443 453 578 506 meis
598 453 853 506 inaestuet
870 455 1187 523 praecordiis
1680 518 1683 521 Α
1722 475 1772 516 15

244 526 446 581 »libera
466 527 611 592 bilis,
636 535 695 580 ut
715 528 844 581 haec
861 528 1063 600 ingrata
1086 530 1254 583 ventis
1274 530 1475 586 dividat

167 601 450 666 momenta,
475 602 675 657 vulnus
695 602 772 656 nil
793 602 996 657 malum
1018 603 1262 668 levantia,
1468 656 1471 657 a

241 676 481 729 »desinet
500 676 1004 746 imparibus.oertare
1025 687 1323 733 summotus
1340 681 1528 750 pudor.
1542 703 1567 736 c<

166 750 269 803 Ubi
288 750 417 803 haec
436 768 652 805 severus
673 758 721 804 te
738 750 913 821 palam
935 751 1296 816 laudaveram3

244 825 425 878 iussus
444 825 588 877 abire
608 824 844 889 domum,
867 825 1070 880 ferebar
1091 827 1282 880 inoerto
1301 829 1432 897 pede
1559 868 1563 873 ·
1716 844 1767 887 20

165 898 234 951 ad
255 916 362 952 non
383 898 752 962 amioo=3‚-heu!
796 900 930 953 mihi
951 908 1141 970 postes,
1167 909 1231 964 et,
1258 902 1388 956 heu!

239 972 428 1026 limina
449 972 598 1041 dura,
624 973 821 1043 quibus
842 974 1052 1028 lumbos
1071 983 1121 1027 et
1140 975 1331 1047 infregi
1347 976 1501 1032 latus.

164 1048 342 1110 Nunc,
358 1046 639 1117 gloriantis
662 1048 954 1118 quamlibet
973 1049 1340 1103 mulierculam

239 1120 451 1173 vincere
471 1121 707 1186 mollitia,
731 1140 877 1176 amor
894 1124 1100 1196 Lyoisoi
1122 1142 1206 1179 me
1225 1132 1385 1196 tenet3

161 1193 308 1247 unde
326 1194 571 1264 expedire
591 1213 695 1250 non
718 1198 1006 1251 amicorum
1026 1207 1224 1269 queant
1282 1261 1304 1281 ⁶
1560 1258 1563 1261 ,
1710 1214 1761 1257 25

238 1267 404 1321 libera
424 1269 638 1323 consilia
658 1288 753 1324 nec
771 1272 1113 1327 contumeliae
1130 1291 1343 1345 graveS,

160 1342 255 1394 sed
273 1342 412 1395 alius
432 1343 584 1399 ardor
600 1352 691 1399 aut
710 1345 912 1414 puellae
935 1347 1186 1400 candidae

238 1423 328 1469 aut
346 1417 517 1497 teretis
536 1419 685 1488 pueri
697 1419 917 1492 longam
938 1421 1235 1477 renodantis
1253 1434 1477 1477 comam.

499 1651 1014 1738 *EPoDos
1109 1685 1286 1739 ΧΠ.

382 1798 468 1839 ΙΝ
524 1797 750 1840 ANUM
803 1798 1374 1846 LIBIDINOSAM.

153 1985 389 2034 flctestatur
407 1978 580 2034 vc'tulam
602 1998 837 2037 ambientem
861 2012 1032 2038 amorem
1056 2013 1197 2046 suum,
1227 2003 1389 2053 eiusque
1414 2007 1643 2046 foeditatem
1680 2049 1689 2060 l

437 2080 446 2086 .
505 2066 544 2097 et
562 2061 774 2099 libidinem
793 2062 987 2112 depingit.
1036 2067 1160 2102 Metr.
1182 2067 1296 2101 vlu.
1617 2055 1647 2082 ⁸

153 2149 313 2225 Quid
333 2158 430 2211 tibi
452 2158 553 2222 viS,
578 2159 785 2224 mulier,
809 2162 977 2233 nigris
997 2153 1311 2234 dignissima
1337 2165 1544 2219 barris?

223 2249 448 2287 munera
468 2250 562 2286 our
582 2231 733 2297 mihi,
760 2236 956 2305 quidve
977 2235 1190 2290 tabellas

150 2308 335 2369 mittis,
362 2323 458 2359 nec
479 2307 629 2361 firmo
651 2308 847 2373 iuveni,
874 2328 1054 2381 neque.
1066 2311 1206 2364 naris
1226 2312 1444 2365 obesae?

222 2384 468 2451 Namque
486 2382 726 2452 sagacius
745 2401 887 2437 unus
906 2383 1109 2448 odoror}

145 2454 387 2527 polypus
407 2472 473 2508 an
494 2457 672 2527 gravis
691 2457 910 2511 hirsutis
928 2459 1083 2512 oubet
1104 2458 1282 2512 hircus
1302 2460 1358 2514 in
1378 2460 1493 2524 alis,
1723 2473 1748 2515 5

218 2546 386 2599 quam
406 2529 550 2582 oanis
571 2547 704 2594 acer,
731 2532 825 2584 ubi
846 2531 997 2585 lateat
1013 2550 1128 2585 sus,

142 2602 248 2668 Qui
270 2602 434 2656 sudor
454 2603 604 2656 vietis
624 2612 673 2657 et
691 2623 855 2675 quam
877 2606 1048 2658 malus
1070 2606 1308 2675 undique
1326 2590 1591 2662 membris⁸

215 2676 403 2731 crescit
421 2676 563 2742 odor,
589 2695 761 2748 quum
779 2696 914 2749 pene
936 2678 1106 2734 soluto

1310 2767 1416 2820 K2
