2081 3169
527 599 1289 664 PRAEFATIO.

201 908 382 978 Bene
420 929 817 989 prospereque
849 903 1067 977 actum·
1081 884 1386 986 opinamur
1421 934 1549 971 cum
1589 916 1712 971 Ho-

105 1015 272 1087 ratio,
311 1014 472 1087 quod
501 1015 656 1070 hunc
686 1012 839 1068 inter
872 982 1510 1085 prmios·'1'{iuchnitius
1542 1018 1711 1073 novis

104 1115 261 1187 typis
291 1113 573 1169 illustrari
600 1112 804 1183 voluit,
825 1112 1053 1184 iisdem,
1076 1113 1286 1186 quibus
1316 1134 1505 1189 nuper
1532 1116 1709 1173 modo

104 1213 378 1270 exornati
396 1214 468 1269 ab
490 1231 560 1269 eo
583 1222 717 1270 sunt
738 1211 1019 1284 CatulluS,
1039 1214 1328 1285 Tibullus,
1348 1215 1710 1290 Propertius,

99 1313 431 1383 Phaedrus,
454 1310 761 1370 Cornelius
777 1314 1001 1387 NepOS,
1023 1332 1270 1386 quorum
1299 1313 1556 1369 omnium
1585 1323 1710 1371 tex-

102 1420 221 1484 tus,
273 1413 426 1469 sicut
461 1422 595 1470 ante
632 1422 690 1470 et
724 1413 1063 1484 Theocriti,
1102 1411 1442 1488 SophocliS,
1479 1416 1710 1473 Aristo-

98 1512 337 1586 phanis,
365 1513 581 1584 Plauti,
602 1513 885 1584 Terentii,
907 1511 1115 1584 Curtii,
1145 1511 1426 1586 Sallustii,
1456 1515 1532 1582 ad
1563 1517 1710 1591 opti-

97 1633 224 1671 mas
288 1614 557 1671 codicum
609 1615 890 1672 lectiones
946 1615 1368 1687 doctorumque
1424 1616 1709 1674 editiones

97 1713 406 1772 emendati
440 1715 728 1789 prodiere.
796 1714 975 1787 Quod
1008 1714 1166 1771 idem
1203 1723 1269 1772 ut
1304 1722 1363 1772 et
1397 1715 1458 1772 in
1491 1717 1707 1776 Flacco

92 1814 224 1871 fieri
252 1823 479 1889 posset,
498 1834 853 1889 magnopere
885 1816 1208 1889 optandum
1230 1824 1371 1888 erat,
1392 1818 1536 1875 ideo,
1550 1818 1709 1891 quod

90 1915 257 1972 Feae
309 1915 602 1985 recensio,
650 1914 725 1970 ad
764 1934 937 1988 quam
977 1916 1225 1990 pristina
1267 1917 1446 1975 editio
1493 1919 1708 1976 exscri-

89 2024 193 2088 pta
231 2016 450 2086 suerat,
487 2016 604 2071 iam
640 2024 864 2072 tantum
900 2035 1020 2073 non
1058 2019 1130 2074 ab
1169 2017 1436 2076 omnibus
1472 2028 1706 2076 nostrae

91 2116 315 2172 aetatis
344 2115 666 2173 editoribus
693 2116 1009 2174 maximam
1036 2127 1261 2192 partem
1292 2127 1379 2175 est
1407 2120 1704 2195 abrogata.

88 2214 723 2297 Qireumspicientibus
744 2227 938 2274 autem
956 2219 1127 2275 nobis
1149 2219 1221 2275 de
1243 2219 1517 2291 editione,
1532 2240 1705 2294 quam

87 2332 512 2391 sequeremur,
555 2318 894 2391 neutiquam
924 2319 1127 2386 ,statim
1165 2320 1324 2377 aliud
1360 2323 1706 2395 suppetebat

85 2417 433 2491 exemplar,
481 2418 640 2490 quod
677 2418 803 2475 sine
847 2420 1171 2477 mutatione
1209 2419 1270 2475 in
1314 2420 1468 2478 illius
1510 2423 1704 2478 locum

78 2519 494 2591 potuissemus
525 2518 811 2591 sufficere,
832 2519 968 2576 ideo
1001 2520 1140 2593 quia
1157 2519 1456 2591 Horatius,
1478 2530 1607 2578 utut
1642 2523 1703 2577 iu

82 2619 375 2678 omnibus
411 2618 627 2676 scholis
665 2619 1052 2693 omnibusque
1081 2621 1378 2679 ,cathedris
1421 2631 1704 2696 perpetuo

84 2719 418 2795 explicitus
451 2727 510 2776 et
538 2719 874 2791 illustratus,
901 2729 992 2778 tot
1018 2729 1216 2777 tamen
1244 2730 1301 2778 et
1328 2721 1702 2792 interpretum
