2081 3169
562 229 704 276 LIB.
743 231 787 275 Ι.
850 230 1094 275 EPIST.
1132 230 1178 275 1.
1509 222 1612 278 237

124 329 218 394 Ao,
242 325 457 383 neforto
479 346 647 402 roges,
677 346 786 400 quo
804 346 890 382 me
907 326 1057 392 duce,
1084 346 1191 399 quo
1215 328 1320 383 lare
1338 337 1498 386 tuter:

125 402 330 459 nullius
346 402 584 458 addictus
607 406 777 458 iurare
802 404 858 457 in
877 403 1036 457 verba
1055 404 1308 475 magistri,
1573 457 1590 473 ‚

125 496 235 550 quo
252 494 339 531 me
357 495 589 550 cumque
604 479 741 548 rapit
756 484 1052 548 tempestaS,
1078 477 1274 531 deferor
1293 479 1503 550 hospes.
1665 492 1716 533 15

126 554 282 610 Nunc
300 552 455 624 agilis
473 552 560 617 fic,
584 561 635 607 et
654 569 851 608 mersor
869 550 1120 606 civilibus
1139 550 1319 618 undiS,

124 625 337 680 virtutis
360 644 509 681 verae
527 635 700 681 custos
720 627 1033 699 rigidusque
1051 626 1280 694 satelles,
1267 645 1279 655 ·

126 717 271 754 nunc
288 700 346 753 in
366 700 620 771 Aristippi
639 700 820 754 furtim
840 709 1109 772 praecepta
1130 669 1348 765 relabor,

126 774 327 828 etmihi
347 792 447 839 res,
471 793 576 830 non
598 793 683 828 me
701 776 858 828 rebus
879 775 1200 860 subiungere
1218 793 1394 829 conor.

124 849 191 902 Ut
214 866 322 903 nox
343 846 524 921 longa,
549 850 747 920 quibus
768 850 1018 903 mentitur
1036 850 1220 912 amica,
1244 850 1463 920 diesque
1664 860 1718 904 20

125 922 260 976 lenta
283 922 492 976 videtur
508 940 642 992 opus
662 923 999 976 debentibus:
1042 933 1102 975 ut
1118 924 1267 995 piger
1291 942 1480 988 annus

126 995 367 1068 pupilliS,
393 1014 528 1066 quos
549 997 680 1051 dura
701 998 891 1067 premit
909 997 1140 1050 custodia
1163 1006 1416 1052 matrum:

123 1073 201 1125 sic
222 1070 356 1123 mihi
379 1070 522 1124 tarda
540 1069 713 1125 fluunt
732 1071 1039 1144 ingrataque
1059 1079 1306 1142 tempora,
1330 1090 1466 1143 quae
1485 1090 1633 1144 spem

122 1145 514 1215 consiliumque
534 1153 803 1200 morantur
824 1146 1009 1218 agendi
1026 1147 1266 1218 gnaviter
1285 1147 1356 1211 id,
1382 1149 1524 1218 quod

123 1236 292 1289 aeque
310 1220 632 1289 pauperibus
652 1220 877 1289 prodest,
902 1218 1247 1290 locupletibus
1267 1240 1447 1292 aeque,
1665 1232 1716 1275 25

123 1311 293 1365 aeque
313 1294 607 1365 neglectum
631 1295 811 1365 pueris
829 1294 1152 1365 senibusque
1172 1297 1392 1349 nocebit.

122 1369 320 1431 Restat,
346 1375 405 1420 ut
421 1368 507 1421 his
527 1386 624 1441 ego
643 1385 729 1421 me
748 1369 860 1438 ipse
878 1385 1056 1441 regam
1066 1368 1307 1439 solerque
1316 1369 1609 1424 elementis.

120 1443 238 1496 Non
261 1442 432 1512 possis
451 1442 602 1497 oculo
622 1450 880 1512 quantum
899 1440 1206 1496 contendere
1225 1444 1490 1513 Lynceus;

120 1533 231 1570 non
252 1523 424 1570 tamen
441 1517 632 1571 idcirco
650 1524 949 1570 contemnas
970 1516 1183 1587 lippus
1169 1517 1384 1588 inungi3

121 1608 237 1655 nec,
263 1592 390 1662 quia
410 1581 650 1663 desperes
671 1592 854 1647 invicti
874 1591 1110 1645 membra
1131 1589 1401 1662 GlyconiS,
1665 1602 1717 1645 30

120 1666 320 1720 nodosa
341 1683 529 1736 corpus
548 1666 684 1720 nolis
706 1665 981 1737 prohibere
1001 1665 1269 1736 cheragra.

119 1739 219 1794 Est
237 1740 467 1811 quadam
489 1740 695 1810 prodire
714 1748 885 1804 tenus,
908 1740 955 1793 si
976 1755 1080 1792 non
1103 1738 1255 1791 datur
1276 1738 1432 1795 ultra.

119 1815 311 1868 Fervet
330 1815 546 1869 avaritia
567 1816 865 1885 miseroque
882 1813 1130 1883 cupidine
1155 1813 1370 1883 pectus?

122 1899 253 1942 sunt
272 1888 430 1943 verba
451 1898 501 1942 et
521 1907 692 1952 voces,
718 1889 1083 1959 quibus‘hunc
1103 1887 1265 1942 lenire
1284 1887 1514 1944 dolorem

120 1963 315 2033 possiS,
341 1971 391 2016 et
410 1981 659 2035 magnam
680 1963 850 2017 morbi
870 1963 1127 2033 deponere
1144 1971 1363 2034 partem.
1666 1974 1716 2017 35

120 2036 324 2090 Laudis
345 2054 518 2091 amore
537 2036 747 2091 tumes?
784 2045 910 2091 sunt
926 2045 1059 2091 certa
1081 2038 1304 2108 piacula,
1334 2057 1469 2110 quae
1488 2048 1537 2091 te

120 2119 198 2163 ter
220 2128 353 2180 pure
372 2109 501 2164 lecto
518 2118 764 2182 poterunt
783 2129 1008 2165 recreare
1027 2111 1226 2165 libello.

118 2184 365 2247 Invidus,
392 2185 692 2249 iracundus,
717 2185 875 2249 inem,
899 2186 1134 2248 vinosus,
1166 2194 1377 2247 amator,

121 2276 282 2312 nemo
302 2259 430 2312 adeo
449 2258 591 2313 ferus
611 2267 705 2322 est,
730 2268 789 2313 ut
809 2276 912 2313 non
934 2261 1201 2312 mitescere
1220 2259 1400 2327 possit,

122 2333 169 2385 si
190 2333 347 2386 modo
368 2333 602 2386 culturae
621 2332 914 2403 patientem
908 2331 1211 2386 commodet
1235 2348 1434 2383 aurem.
1668 2337 1718 2381 40

119 2407 306 2460 Virtus
327 2416 405 2459 est
425 2407 615 2460 vitium
636 2406 834 2479 fugere,
857 2416 909 2460 et
926 2406 1178 2476 sapientia
1198 2405 1386 2474 prima,

122 2480 348 2534 stultitia
367 2481 617 2534 caruisse
697 2481 872 2544 Vides,
896 2498 1032 2551 quae
1052 2479 1282 2533 maxima
1306 2477 1474 2530 credis

122 2573 239 2609 esse
259 2553 416 2617 mala,
439 2555 694 2639 exiguum
713 2571 929 2608 censum
954 2562 1268 2623 turpemque
1287 2551 1568 2621 repulsam,

122 2636 325 2701 quanto
344 2629 543 2682 devites
563 2629 727 2683 animi
746 2629 1036 2712 capitisque
1056 2626 1248 2679 labore.

122 2703 359 2777 Impiger
377 2710 636 2758 extremos
655 2703 824 2757 curris
844 2708 1096 2757 mercator
1119 2700 1186 2756 ad
1205 2700 1381 2765 IndoS,
1670 2704 1721 2751 45
