2081 3169
306 467 359 516 45

305 845 357 890 5⁰

304 1219 356 1263 55

304 1596 355 1639 60

302 1970 353 2014 65

419 203 523 260 230
919 207 1402 258 ΒΔΤῩΒΑΒῘῙΙ

417 309 724 382 quingentis
742 314 882 364 emto
903 307 1173 364 drachmis
1189 307 1561 380 deprenderis?
1595 309 1761 368 Aufei-

417 401 503 439 me
525 383 677 440 vultu
695 390 902 448 terrere,
926 399 1151 440 manum
1168 383 1608 456 stomachumque
1626 393 1809 452 teneto,

416 459 567 524 dum,
589 474 728 545 quae
745 457 977 530 Crispini
996 457 1176 514 domit
1192 475 1280 515 me
1298 459 1504 525 ianitor,
1528 459 1643 515 edo.

415 536 489 589 Te
506 551 703 590 coniux
721 532 892 589 aliena
908 533 1066 605 capit,
1088 533 1419 590 meretricula
1433 535 1639 590 Davum
1656 554 1669 588 :

413 617 590 682 peccat
607 616 723 664 uter
740 616 980 664 nostrum
998 624 1155 664 cruce
1169 607 1425 683 dignius?
1460 608 1611 664 Acris
1627 609 1724 665 ubi
1745 627 1833 668 me

414 693 600 740 natura
619 682 860 748 intendit,
883 683 987 739 sub
1004 682 1146 739 clara
1164 682 1310 740 nuda
1327 683 1540 740 lucerna

412 775 782 890 ww?
790 766 1008 906 3353}ss
1018 757 1735 906 ᾙὙέᾆῗὲἲὲὲἓέ

413 909 630 964 dimittit
649 925 823 980 neque
840 906 1106 965 famosum
1124 925 1299 981 neque
1317 907 1619 974 sollicitum,
1641 926 1714 965 ne

413 984 568 1040 ditior
584 990 676 1039 aut
692 982 890 1039 formae
906 982 1142 1039 melioris
1159 984 1321 1040 meiat
1334 983 1536 1041 eodem.

412 1060 511 1124 Tu,
535 1075 707 1130 quum
725 1058 968 1129 proiectis
985 1058 1306 1132 insignibus,
1331 1058 1528 1114 annulo
1545 1060 1779 1130 equestri

414 1135 755 1204 Romanoque
772 1132 977 1198 habitu,
999 1132 1181 1205 prodis
1201 1151 1270 1189 ex
1290 1133 1464 1188 iudice
1479 1133 1644 1189 Dama

411 1208 599 1280 turpis,
623 1206 901 1264 odoratum
918 1216 1078 1279 caput
1094 1208 1406 1262 obscurante
1424 1206 1646 1273 lacerna,

412 1301 518 1413 nlotrg
537 1300 612 1349 es,
636 1281 1030 1414 {uffifflffllas
1039 1282 1345 1413 ⁴{rehletuems
1361 1282 1646 1348 induceris,
1668 1290 1831 1356 atque

413 1377 442 1412 a
513 1375 637 1414 rcan
958 1374 1025 1415 us
1122 1375 1225 1413 mis
1246 1374 1364 1414 ossa
1383 1373 1594 1429 pavore.

412 1431 554 1501 Quid
573 1432 742 1498 refert,
765 1433 870 1498 uri,
894 1433 1064 1506 virgis
1083 1431 1326 1505 ferroque
1341 1431 1551 1488 necari?

412 1516 706 1564 auctoratus
722 1524 831 1573 eas,
856 1526 944 1573 an,
969 1508 1112 1579 turpi
1127 1507 1343 1564 clausus
1362 1507 1420 1564 in
1439 1524 1578 1572 arca,

412 1602 521 1658 quo
538 1592 589 1640 te
607 1583 818 1640 demisit
834 1583 1030 1655 peccati
1050 1583 1258 1640 conscia
1275 1581 1478 1647 herilis,
1692 1648 1699 1654 ,

412 1667 734 1716 contractum
757 1659 986 1733 genibus
1007 1667 1198 1733 tangas
1209 1656 1405 1731 caput?
1440 1658 1603 1714 Estne
1626 1659 1821 1715 marito

412 1742 678 1791 matronae
695 1734 957 1807 peccantis
977 1735 1035 1789 in
1053 1734 1212 1791 ambo
1231 1734 1369 1789 iusta
1383 1730 1647 1804 potestas?

411 1812 473 1866 In
492 1818 843 1882 corruptorem
864 1808 948 1867 vel
968 1809 1174 1865 iustior.
1252 1807 1348 1864 Illa
1366 1815 1543 1865 tamen
1555 1824 1617 1862 se

412 1902 518 1939 non
537 1886 723 1941 habitu
742 1891 977 1940 mutatve
997 1883 1111 1940 loco
1133 1891 1376 1956 peccatve
1394 1898 1641 1954 superne,

411 1977 583 2032 quum
602 1969 651 2016 te
669 1959 912 2015 formidet
930 1958 1126 2016 mulier
1142 1975 1316 2032 neque
1333 1956 1508 2013 credat
1522 1958 1726 2012 amanti
1741 1976 1755 2026 ;

412 2035 516 2089 ibis
533 2035 637 2090 sub
656 2034 860 2091 furcam
877 2034 1131 2107 prudens,
1153 2034 1476 2106 dominoque
1497 2031 1697 2088 furenti

409 2113 702 2166 committes
730 2127 844 2166 rem
868 2127 1083 2167 omnem
1116 2117 1166 2167 et
1184 2110 1351 2167 vitam
1377 2115 1575 2165 etcum
1596 2124 1817 2180 corpore
1835 2108 1919 2169 ia-

1397 2201 1563 2241 mam.

409 2260 622 2316 Evasti:
662 2259 834 2326 crede,
858 2268 1062 2316 metues
1079 2260 1371 2332 doctusque
1387 2257 1635 2316 cavebis?

410 2333 656 2400 Quaeres,
681 2335 897 2407 quando
920 2336 1112 2392 iterum
1132 2352 1324 2409 paveas
1345 2336 1647 2406 iterumque
1661 2334 1842 2406 perire

300 2420 353 2462 70
409 2410 601 2481 possis,
679 2410 725 2466 Ο
742 2411 891 2467 toties
909 2413 1124 2468 servusl
1166 2428 1304 2484 quae
1320 2409 1498 2466 bellua
1521 2410 1696 2481 ruptis

409 2501 578 2555 quum
600 2484 762 2540 semel
788 2485 987 2559 effugit,
1011 2486 1183 2543 reddit
1200 2504 1258 2542 se
1276 2504 1439 2558 prava
1458 2483 1695 2541 catenis?

409 2559 564 2613 »Non
585 2576 708 2614 sum
728 2561 997 2627 moechus,
1012 2582 1040 2615 α
1064 2563 1170 2632 ais;
1212 2578 1386 2635 neque
1401 2578 1518 2692 εξ,
1541 2560 1780 2626 hercule,
1804 2559 1914 2623 fur,

413 2710 673 2770 praetereo
689 2707 899 2776 sapiens
917 2718 1180 2782 argentea.
1260 2711 1404 2767 Tolle
1420 2653 1701 2783 pffssffi,
