2081 3169
439 218 506 278 Μ
984 222 1387 275 ODARUM

588 335 795 384 cantare
813 329 975 395 τίνος,
1008 337 1166 402 atque
1186 329 1387 384 truncis

666 404 809 476 lapsa
830 406 974 460 cavis
994 406 1178 460 iterare
1195 404 1381 458 melia:

514 496 592 552 fas
611 505 661 550 et
679 498 857 551 beatae
874 497 1117 570 coniugis
1143 496 1382 550 additum

514 572 678 627 stellis
700 573 969 636 honorem,
994 581 1229 642 tectaque
1249 571 1461 625 Penthei

330 657 381 701 15
589 648 800 701 disiecta
824 666 926 701 non
951 646 1055 700 leni
1074 648 1246 710 ruina,

662 723 879 776 Thracis
904 732 952 775 et
969 723 1193 776 exitium
1215 718 1467 793 Lycurgi.

513 814 595 868 Tu
616 812 776 867 flectis
796 831 996 876 amneS‚
1021 821 1081 867 tu
1101 829 1245 866 mare
1266 812 1575 867 barbarum:

511 897 569 942 tu
592 890 842 959 separatis
863 887 1060 943 uvidus
1082 888 1133 940 in
1159 888 1300 960 iugis

588 964 725 1018 nodo
745 981 946 1017 coerces
966 963 1222 1033 viperino.

328 1047 381 1090 20
662 1038 994 1091 Bistonidum
1017 1038 1133 1091 sine
1155 1035 1337 1090 fraude
1354 1036 1546 1090 crines·

513 1131 612 1193 Tu,
636 1147 809 1200 quum
830 1130 1064 1183 Parentis
1082 1147 1242 1202 regna
1264 1146 1356 1199 per
1375 1128 1605 1183 arduum

512 1205 697 1258 cohors
719 1205 1009 1276 Gigantum
1030 1204 1299 1257 scanderet
1318 1204 1499 1275 impia,

585 1279 844 1334 Rhoetum
865 1280 1114 1332 retorsisti
1139 1279 1302 1333 leonis

661 1355 937 1427 unguibus
958 1353 1309 1424 horribilique
1327 1351 1492 1420 mala;

327 1454 378 1498 25
512 1463 860 1518 quamquam,
885 1446 1089 1498 choreis
1108 1447 1276 1516 aptior
1295 1453 1345 1498 et
1372 1445 1499 1498 iocis

513 1520 744 1593 ludoque
762 1521 952 1584 dictus,
978 1538 1083 1574 non
1104 1530 1183 1574 sat
1209 1521 1429 1574 idoneus

584 1615 796 1671 pugnae
816 1596 1092 1662 ferebaris3
1136 1596 1228 1650 sed
1251 1596 1390 1649 idem

660 1673 804 1743 pacis
823 1689 937 1725 eras
957 1638 1272 1742 mediusque
1293 1669 1438 1724 belli.

512 1762 583 1815 Te
607 1763 772 1816 vidit'
760 1781 940 1817 insons
964 1762 1221 1817 Cerberus
1241 1777 1398 1815 aureo

327 1846 378 1887 30
509 1853 671 1891 cornu
692 1838 958 1901 decorum,
984 1836 1167 1891 leniter
1186 1844 1409 1889 atterens

583 1913 824 1976 caudam,
848 1921 897 1966 et
917 1912 1203 1966 recedentis
1223 1909 1464 1982 trilingui

657 2004 745 2041 ore
764 1987 921 2058 pedes
940 1987 1213 2061 tetigitque
1230 2003 1403 2040 crura.

678 2245 683 2250 .
902 2187 951 2243 0
1012 2188 1074 2244 D
1135 2187 1189 2243 E
1303 2186 1469 2243 XX.

617 2287 712 2330 An
761 2289 810 2331 c.
860 2288 1173 2332 camum
1215 2284 1739 2331 MAECENATEM.

502 2441 703 2490 Praesagit
730 2441 1068 2481 immortalitatem
1094 2456 1226 2487 uuam,
1264 2454 1383 2491 seque
1411 2446 1605 2478 mutatum
1640 2438 1758 2487 fingit
1783 2438 1828 2476 in
1860 2450 1940 2487 cy-

433 2515 578 2551 gnum,
612 2504 873 2555 visurumque
901 2505 1181 2543 remotissimas
1207 2512 1367 2554 gentes,
1396 2512 1436 2542 et
1464 2504 1511 2542 ab
1538 2502 1621 2540 illis
1649 2501 1701 2539 iri
1728 2501 1942 2550 cognitum

433 2567 646 2613 praedicit.
693 2571 817 2606 Metr.
837 2571 954 2607 XVI.

508 2631 636 2702 Non
662 2650 847 2703 usitata
872 2667 966 2703 neo
984 2652 1128 2705 tenui
1150 2651 1284 2706 ferar

507 2739 680 2797 penna
700 2722 938 2777 biformis
956 2742 1052 2796 per
1072 2725 1339 2798 liquidum
1359 2724 1563 2781 aethera
