2081 3169
339 328 391 371 ¹5

339 702 391 745 20

340 1078 391 1122 25

339 1453 390 1496 30

337 1830 388 1872 35

334 2277 387 2323 40

335 2650 386 2697 45

448 213 549 266 284
910 214 1471 261 EPISTOLARUM

448 317 541 369 »in
560 313 716 369 scalis
735 312 905 380 latuit,
929 323 1172 370 metuens
1190 314 1467 385 pendentis
1492 312 1728 370 habenae
1742 334 1754 369 :
1768 336 1793 368 (ι

446 389 540 445 des
559 407 828 455 nummos,
851 398 1062 462 excepta
1088 389 1225 445 nihil
1246 396 1295 443 te
1312 388 1361 443 si
1380 387 1506 461 suga
1524 388 1720 459 laedat;

451 464 540 519 ille
558 464 689 521 ferat
706 466 957 538 pretium,
981 482 1180 537 poenae
1199 468 1437 528 securus,
1461 465 1667 535 opinor.

449 539 687 595 Prudens
705 540 881 596 emisti
900 541 1181 608 vitiosum;
1224 538 1362 594 dicta
1388 540 1485 594 tibi
1505 547 1583 594 est
1601 539 1714 595 lex:

449 616 746 687 insequeris
766 624 942 670 tamen
964 616 1112 671 hunc
1133 621 1185 668 et
1203 613 1293 669 lite
1311 615 1535 670 moraris
1555 615 1777 687 iniqua‘.>

449 691 570 745 Dixi
591 696 677 745 me
694 691 911 764 pigrum
934 690 1287 762 proficiscenti
1309 690 1421 754 tibi,
1452 689 1567 744 dixi

448 765 643 821 talibus
662 766 850 821 officiis
867 783 1032 837 prope
1051 782 1320 830 mancum,
1344 782 1412 820 ne
1430 782 1547 819 mea
1567 783 1757 822 saevus

448 842 687 915 iurgares
705 840 773 896 ad
794 848 841 895 te
861 841 1007 912 quod
1024 835 1241 912 epistola
1261 839 1409 894 nulla
1433 840 1641 910 rediret.

449 915 593 983 Quid
613 924 728 972 tum
750 915 963 988 profeci,
988 933 1197 970 mecum
1218 915 1455 969 facientia
1476 916 1593 970 iura

450 993 497 1045 si
519 1000 692 1047 tamen
712 990 967 1047 attentas?
1003 990 1250 1058 Quereris
1268 1007 1429 1062 super
1447 991 1547 1045 hoc
1566 990 1742 1055 etiam,
1766 992 1913 1063 quod

448 1075 739 1138 exspectata
758 1066 857 1121 tibi
876 1084 984 1122 non
1004 1066 1212 1121 mittam
1230 1065 1465 1122 carmina
1484 1065 1737 1122 mendax.

448 1141 659 1197 Luculli
679 1141 832 1196 miles
849 1141 1061 1196 collecta
1077 1141 1267 1198 viatica
1287 1140 1470 1195 multis

450 1216 737 1281 aerumniS‚
764 1216 938 1271 lassus
956 1216 1089 1272 dum
1113 1225 1268 1271 noctu
1288 1216 1472 1281 stertit,
1499 1216 1567 1270 ad
1585 1233 1759 1271 assem

447 1291 768 1363 perdiderat;
796 1298 917 1363 post
936 1291 1036 1346 hoc
1044 1292 1328 1347 vehemens
1350 1291 1527 1363 lupuS‚
1542 1299 1592 1346 et
1610 1292 1718 1347 sibi
1738 1300 1791 1345 et
1809 1292 1948 1348 hosti

448 1367 613 1422 iratus
632 1366 1044 1438 pariter‚ieiunis
1065 1367 1314 1422 dentibus
1334 1383 1466 1432 acer,

448 1441 774 1514 praesidium
795 1441 970 1516 regale
988 1441 1101 1497 loco
1118 1442 1322 1507 deiecit,
1346 1452 1408 1497 ut
1424 1442 1592 1507 aiunt,

447 1535 658 1572 summe
681 1517 892 1572 munito
907 1525 959 1572 et
976 1516 1270 1572 multarum
1288 1517 1454 1572 divite
1471 1533 1673 1571 rerum.

449 1592 636 1649 Clarus
655 1594 724 1648 ob
749 1592 805 1646 id
825 1592 1042 1659 factum,
1066 1592 1222 1649 donis
1245 1600 1463 1649 ornatur
1477 1588 1744 1662 honestis3

447 1669 634 1741 accipit
658 1677 708 1723 et
730 1668 817 1723 bis
835 1667 972 1724 dena
994 1686 1157 1741 super
1176 1668 1411 1724 sestertia
1428 1671 1740 1723 nummum.

443 1744 599 1799 Forte
616 1744 719 1798 sub
741 1743 841 1798 hoc
859 1752 1069 1816 tempus
1089 1743 1364 1799 castellum
1379 1751 1606 1798 evertere
1630 1750 1842 1814 praetor

447 1820 624 1874 nescio
643 1818 789 1891 quod
807 1821 1047 1890 cupiens,
1069 1818 1267 1874 hortari
1283 1819 1454 1891 coepit
1470 1817 1719 1873 eumdem

446 1894 642 1960 verbiS‚
656 1912 794 1966 quae
803 1895 999 1949 timido
1017 1911 1234 1967 quoque
1250 1901 1464 1966 possent
1484 1892 1923 1948 adderementem
1936 1937 1947 1948 .

444 1970 522 2033 »1,
545 1969 701 2034 bone,
723 1987 832 2041 quo
851 1969 1022 2033 virtus
1048 1977 1137 2025 tua
1156 1978 1205 2024 te
1224 1977 1389 2035 vocat,
1414 1967 1581 2040 ipede
1600 1966 1794 2034 fauste,
1899 2001 1919 2027 x

443 2043 703 2116 »grandia
743 2044 948 2100 laturus
987 2045 1297 2100 meritorum
1332 2043 1591 2170 praemia?
1646 2083 1658 2099 .
1689 2084 1701 2098 .
1728 2085 1743 2099 .
1808 2042 1952 2110 Quid

1375 2164 1380 2167 Α
1436 2127 1543 2173 stas
1586 2138 1612 2169 c<

442 2195 565 2250 Post
583 2194 712 2249 haec
731 2193 821 2249 ille
839 2203 1006 2261 catus,
1030 2195 1379 2268 quantumvis
1406 2192 1664 2249 rusticus:
1708 2193 1872 2259 »Ibin

448 2270 583 2323 »ibit
601 2287 679 2335 e0,
701 2288 810 2342 quo
829 2270 932 2336 vise,
961 2271 1061 2343 qui
1080 2288 1267 2326 zonam
1286 2268 1531 2342 perdidit,
1545 2288 1571 2320 α
1593 2267 1795 2340 inquit.

442 2346 637 2400 Romae
656 2345 850 2400 nutriri
868 2346 1003 2400 mihi
1022 2345 1260 2420 contigit,
1282 2355 1441 2418 atque
1458 2344 1651 2408 doceri,

442 2419 609 2474 iratus
631 2420 807 2475 Graiis
827 2428 1094 2494 quantum
1115 2422 1379 2477 nocuisset
1396 2417 1651 2475 Achilles.

443 2494 692 2550 Adiecere
709 2496 880 2551 bonae
904 2495 1085 2568 paullo
1102 2496 1227 2569 plus
1245 2497 1374 2550 artis
1397 2494 1652 2561 Athenae,

442 2570 640 2625 scilicet
657 2578 719 2625 ut
734 2588 946 2643 possem
964 2588 1131 2628 curvo
1149 2571 1455 2647 dignoscere
1472 2575 1696 2636 rectum,

443 2652 602 2716 atque
626 2645 762 2700 inter
780 2646 946 2702 silvas
966 2645 1216 2702 Academi
1236 2662 1486 2719 quaerere
1504 2661 1719 2701 verum.

443 2718 585 2772 Dura
603 2719 697 2773 sed
714 2737 955 2777 emovere
973 2721 1087 2778 loco
1109 2740 1198 2778 me
1213 2729 1446 2794 tempora
1462 2727 1631 2795 grato,
