2081 3169
462 229 559 285 302
984 235 1092 285 DE
1165 233 1405 284 ARTE

351 350 430 392 835
459 335 732 408 Quidquid
757 338 1062 408 praecipies,
1086 346 1195 391 esto
1214 339 1408 402 breviS,
1431 345 1491 391 ut
1513 337 1613 391 cito
1631 334 1769 391 dicta

458 412 749 483 percipiant
767 413 931 466 animi
953 412 1164 475 docileS,
1188 420 1502 483 teneantque
1525 411 1729 465 fidelos:

459 504 615 540 omne
635 504 1023 557 supervacuum
1043 487 1198 558 pleno
1219 487 1283 540 de
1302 496 1506 558 pectore
1527 495 1722 541 manat.

460 562 603 615 Ficta
615 561 898 632 voluptatis
917 579 1073 615 causa
1094 561 1200 615 sint
1219 562 1463 632 proxima
1485 562 1649 615 veris:

459 654 543 701 ne,
567 636 942 708 quodcumque
962 636 1116 700 volet,
1138 644 1316 707 poscat
1336 637 1440 690 sibi
1460 635 1638 690 fabula
1664 636 1823 699 credi,

350 719 432 765 340
459 729 562 765 neu
582 728 803 781 pransae
821 711 1031 765 Lamiae
1050 711 1236 764 vivum
1258 728 1481 782 puerum
1504 710 1739 764 extrahat
1755 710 1896 763 alvo.

459 785 735 841 Centuriae
754 784 1018 839 seniorum
1040 786 1241 858 agitant
1264 786 1492 856 expertia
1515 784 1701 857 frugiS‚

460 860 583 914 celsi
604 867 930 931 praetereunt
950 868 1152 913 austera
1172 868 1407 930 poemata
1429 860 1720 913 Rhamnes:

458 952 614 989 omne
632 934 753 988 tulit
773 941 1047 1004 punctum,
1070 934 1165 1005 qui
1185 935 1396 988 miscuit
1414 934 1542 987 utile
1561 933 1718 995 dulci,

463 1009 701 1063 lectorem
723 1007 1022 1062 delectando
1042 1008 1338 1080 pariterque
1358 1008 1636 1062 monendo.

355 1091 434 1137 345
460 1085 557 1137 Hic
576 1091 738 1136 meret
757 1100 872 1136 aera
893 1082 1024 1137 liber
1044 1083 1226 1148 SosiiS,
1250 1083 1337 1137 hic
1355 1091 1405 1136 et
1429 1101 1572 1136 mare
1590 1083 1795 1145 transit,

460 1164 509 1211 et
529 1157 746 1229 longum
768 1164 886 1212 noto
905 1158 1142 1228 scriptori
1163 1167 1404 1231 prorogat
1422 1175 1630 1212 aevum.

462 1231 596 1286 Sunt
615 1231 799 1285 delicta
820 1239 1012 1296 tamen,
1037 1232 1237 1303 quibus
1263 1234 1528 1305 ignovisse
1548 1232 1797 1286 velimus,

461 1308 596 1360 Nam
623 1323 794 1378 neque
813 1306 1005 1361 chorda
1023 1324 1215 1360 sonum
1237 1307 1424 1370 reddit,
1447 1324 1607 1378 quem
1619 1306 1735 1362 vult
1755 1324 1952 1361 manus

1442 1389 1493 1434 et
1510 1399 1679 1446 mens,

459 1457 798 1528 poscentique
816 1472 1030 1529 gravem
1050 1473 1297 1528 persaepe
1315 1456 1527 1510 remittit
1547 1460 1791 1513 acutum:

354 1542 434 1586 350
462 1548 559 1584 nec
579 1548 785 1602 semper
803 1530 965 1596 feriet,
988 1531 1363 1603 quodcumque
1382 1531 1687 1596 minabitur,
1719 1548 1896 1584 arcus,

463 1607 676 1670 Verum,
700 1607 792 1659 ubi
813 1606 964 1677 plura
986 1608 1152 1661 nitent
1171 1607 1227 1660 in
1246 1608 1495 1670 carmine,
1525 1624 1629 1660 non
1650 1624 1748 1679 ego
1768 1608 1954 1677 paucis

459 1681 692 1735 offendar
712 1680 950 1745 maculiS,
975 1698 1111 1752 quas
1131 1689 1221 1735 aut
1240 1682 1441 1735 incuria
1464 1681 1599 1736 fudit

462 1765 553 1810 aut
578 1756 810 1810 humana
836 1773 1026 1826 parum
1046 1757 1184 1811 cavit
1203 1763 1407 1811 natura.
1488 1755 1628 1822 Quid
1648 1772 1773 1827 ergo
1792 1755 1912 1808 est‘?

460 1831 528 1884 Ut
546 1831 766 1902 scriptor
783 1832 830 1885 si
849 1838 1024 1902 peccat
1047 1830 1186 1884 idem
1213 1830 1459 1885 librarius
1483 1848 1668 1901 usque,

356 1916 432 1958 355
459 1906 708 1976 quamvis
729 1913 806 1959 est
826 1907 1077 1970 monituS,
1102 1906 1254 1960 venia
1275 1914 1436 1974 caret3
1478 1913 1538 1958 ut
1556 1903 1893 1958 citharoedus

463 1979 675 2042 ridetur,
698 1980 891 2034 chorda
912 1981 1005 2052 qui
1028 1997 1233 2051 semper
1252 1981 1455 2034 oberrat
1473 1979 1678 2033 eadem:

462 2055 538 2108 sic
559 2053 709 2118 mihi,
734 2055 827 2126 qui
848 2055 1079 2109 multum
1100 2063 1281 2120 cessat,
1307 2055 1364 2109 fit
1385 2054 1657 2110 Choerilus
1678 2053 1783 2116 ille,

364 2188 371 2193 ‚
460 2147 620 2200 quem
639 2129 722 2182 bis
743 2138 885 2184 terve
910 2131 1113 2184 honum
1132 2148 1253 2184 cum
1274 2130 1386 2184 risu
1407 2130 1594 2195 miror3
1637 2136 1687 2182 et
1708 2128 1848 2181 idem

465 2204 730 2278 indignor,
754 2205 1075 2276 quandoque
1093 2206 1266 2260 bonus
1284 2204 1527 2259 dormitat
1544 2205 1819 2257 Homerus.

354 2291 432 2334 360
460 2280 655 2334 Verum
675 2281 817 2350 operi
841 2279 995 2352 longo
1012 2279 1091 2333 sas
1114 2288 1191 2333 est
1208 2280 1453 2350 obrepere
1472 2295 1740 2332 somnum.

536 2355 603 2407 Ut
621 2355 838 2424 pictura,
863 2354 1034 2425 poesis
1055 2355 1167 2418 erit,
1194 2372 1347 2426 quae,
1379 2355 1422 2406 si
1444 2353 1662 2424 propius
1682 2359 1802 2414 steS,

464 2438 512 2482 te
529 2430 698 2499 capiat
718 2430 907 2501 magiS,
932 2437 982 2482 et
999 2429 1277 2500 quaedam,
1309 2429 1354 2482 si
1375 2428 1585 2500 longius
1606 2426 1802 2480 abstes:

462 2504 590 2557 haec
610 2511 747 2556 amat
764 2504 1077 2568 obscurum:
1121 2503 1258 2558 volet
1282 2504 1409 2556 haec
1427 2503 1530 2555 sub
1549 2501 1663 2555 luce
1682 2499 1872 2563 videri,

465 2578 655 2632 iudicis
676 2586 922 2649 argutum
944 2595 1081 2649 quae
1101 2594 1206 2632 non
1227 2577 1469 2631 formidat
1488 2592 1706 2629 acumen
1724 2592 1736 2640 3

355 2663 433 2705 365
459 2653 588 2706 haec
605 2650 800 2721 placuit
819 2652 997 2717 semel,
1022 2654 1152 2707 haec
1169 2652 1337 2706 decies
1363 2651 1572 2721 repetita
1593 2647 1837 2719 placebit.

264 2798 399 2875 Ἃ
539 2724 584 2781 Ο
604 2725 768 2778 maior
788 2725 1063 2793 iuvenum,
1089 2727 1336 2798 quamvis
1356 2733 1406 2778 et
1427 2741 1550 2780 voce
1568 2731 1780 2794 paterna
