2081 3169
685 185 982 233 LIBER
1054 183 1163 228 111.

678 432 964 490 ODE
1080 431 1187 486 X.-

592 550 717 593 1N
819 546 1249 591 LYcssN.

248 759 445 796 Exclamo
462 760 614 794 mator
632 755 684 792 ad
700 753 859 791 ianuam
877 750 1027 789 unicae
1046 747 1438 800 παρακλαυσίθυρον
1457 753 1601 786 mutat.

772 819 900 856 Metr.
916 815 1080 852 XVIII.

253 915 578 976 Extremum
602 918 802 971 Tanain
821 915 867 968 si
888 914 1113 979 biberes,
1136 915 1279 987 Lyce

255 1013 413 1051 saevo
433 1001 600 1065 nupta
618 992 751 1055 vir0,
774 1007 860 1043 me
878 997 1053 1044 tamen
1072 1006 1281 1060 asperas

252 1077 548 1143 porrectum
571 1074 690 1121 ante
708 1063 843 1118 fores
863 1065 1088 1118 obiicere
1113 1063 1299 1118 ineolis

405 1143 636 1215 plorares
653 1139 1029 1212 Aquilonibus,

255 1236 443 1301 Audis»,
468 1250 578 1306 quo
595 1231 813 1302 strepitu
835 1231 1010 1294 ianua,
1033 1247 1141 1300 quo
1167 1247 1356 1284 nemus

257 1313 391 1365 inter
409 1309 629 1380 pulchra
651 1314 826 1360 satum
845 1312 973 1359 tecta
992 1305 1254 1376 remugiat

254 1383 463 1442 ventis?
500 1391 551 1437 et
566 1381 762 1454 positas
780 1387 842 1434 ut
859 1378 1048 1451 glaciet
1066 1379 1215 1432 nives
1278 1415 1299 1432 .

404 1475 540 1532 puro
560 1455 783 1511 numine
801 1451 1033 1525 Iupiter?

255 1552 523 1624 Ingratam
542 1545 732 1603 Veneri
750 1561 886 1617 pone
903 1542 1224 1614 superbiam,

255 1644 324 1681 ne
342 1630 583 1680 currente
603 1629 758 1685 retro,
779 1618 924 1674 funis
944 1625 1043 1682 eat,
1067 1626 1197 1671 rota.

257 1703 375 1756 Non
397 1696 757 1767 tePenelopen
776 1693 1045 1748 difficilem
1065 1690 1236 1762 procis

407 1772 715 1846 Tyrrhenus
740 1768 925 1843 genuit
941 1783 1150 1839 parens,

256 1867 319 1932 Ο,
345 1863 595 1937 quamvis
613 1877 785 1932 neque
802 1866 850 1913 te
866 1874 1105 1921 munera,
1131 1872 1227 1909 nec
1244 1870 1440 1925 premii,

257 1959 355 1995 nec
371 1941 567 1994 tinctus
587 1936 726 1990 viola
746 1933 911 2004 pallor
931 1931 1243 1995 amantium,

257 2033 355 2070 nee
373 2015 457 2069 vir
477 2011 644 2066 Pieria
663 2007 848 2080 pellice
867 2007 1080 2061 saucius

410 2093 618 2141 curvat:
662 2082 993 2154 supplicibus
1013 2081 1120 2135 tuis

257 2196 461 2251 parcam,
487 2194 582 2230 nec
602 2173 772 2247 rigida
793 2173 999 2232 mollior
1019 2168 1244 2233 aescu103

258 2272 355 2307 nec
374 2251 572 2306 Mauris
593 2250 834 2304 animum
854 2248 1029 2301 mitior
1049 2242 1342 2317 anguibus!

260 2331 379 2383 Non
401 2327 500 2380 hoc
521 2340 727 2394 semper
745 2322 844 2376 erit
863 2321 1065 2374 liminis
1086 2327 1176 2373 aut
1194 2333 1362 2388 aquae

407 2399 645 2457 coelestis
664 2396 868 2468 patiens
889 2395 1046 2450 latus.

1360 2749 1461 2801 PR

1607 173 1675 223 83

1734 1622 1785 1664 10

1736 2011 1787 2055 15

1736 2401 1790 2443 20
