2081 3169
344 1595 396 1638 10

346 1971 397 2014 15

344 2346 398 2391 20

343 2721 397 2765 25

442 194 545 251 262
910 195 1471 245 EPISTULARUM

719 439 1371 500 EPISTOLA
1462 438 1673 495 XVI.

845 576 949 621 An
1011 567 1540 626 eumenum.

490 806 699 846 Describit
716 805 857 846 vium
874 818 1009 854 suam3
1047 806 1194 844 deinde
1213 804 1283 856 qui
1301 805 1355 844 nit
1370 805 1438 844 vit
1454 818 1549 844 vere
1565 805 1712 852 bonus,
1730 806 1915 847 disserit.

524 897 617 963 Ne
633 908 966 980 perconteris,
987 906 1190 965 fundus
1210 922 1379 972 meus,
1402 906 1599 977 optime
1624 907 1864 974 Quincti,

453 999 579 1039 arvo
597 991 776 1054 pascat
800 983 1008 1048 herum,
1033 1000 1101 1037 an
1122 982 1297 1037 baccis
1320 981 1585 1052 opulentet
1603 982 1795 1049 olivae,

450 1057 695 1130 pomisne
713 1076 781 1114 an
800 1058 963 1129 pratis
982 1075 1051 1112 an
1072 1058 1260 1112 amicta
1279 1057 1478 1112 vitibus
1498 1056 1673 1113 ulmo:

451 1133 707 1187 scribetur
724 1132 821 1187 tibi
838 1131 1006 1188 forma
1030 1132 1317 1205 loquaciter
1333 1138 1385 1187 et
1401 1132 1536 1187 situs
1553 1134 1666 1207 agri
1676 1175 1689 1188 .

453 1207 702 1264 Continui
721 1215 943 1273 montes,
973 1208 1030 1262 ni
1052 1207 1401 1262 dissocientur
1418 1224 1578 1279 opaca

451 1281 607 1349 valle,
631 1282 725 1337 sed
743 1290 806 1337 ut
826 1284 1040 1338 veniens
1061 1282 1307 1338 dextrum
1326 1281 1463 1337 latus
1480 1281 1736 1354 adspiciat
1754 1283 1857 1351 sol,

455 1357 666 1413 laevum
684 1357 958 1412 discedens
974 1374 1136 1413 curru
1161 1356 1394 1432 fugiente
1412 1366 1644 1429 vaporet.

452 1433 780 1505 Temperiem
805 1431 1008 1489 laudes.
1087 1432 1250 1500 Quid,
1272 1433 1319 1488 si
1338 1432 1636 1489 rubicunda
1655 1434 1894 1508 benigne

453 1525 610 1563 corna
629 1525 816 1580 vepres
833 1516 885 1563 et
901 1525 1074 1580 pruna
1097 1506 1308 1563 ferunt‘?
1346 1508 1393 1562 si
1412 1525 1641 1581 quercus
1665 1516 1717 1563 et
1742 1509 1853 1564 ilex

453 1582 621 1640 multa
640 1583 792 1658 fruge
809 1601 988 1656 pecus,
1012 1583 1181 1639 multa
1200 1583 1480 1640 domiuum
1500 1583 1647 1640 iuvat
1665 1586 1900 1641 umbra?

456 1661 608 1714 Dicas
627 1659 913 1715 adductum
932 1660 1152 1732 propius
1172 1658 1411 1715 frondere
1430 1660 1734 1715 Tarentum.

451 1737 593 1790 Fons
612 1735 768 1789 etiam
789 1734 904 1790 rivo
923 1734 1048 1789 dare
1067 1751 1258 1789 nomen
1280 1734 1518 1800 idoneuS,
1541 1742 1603 1789 ut
1622 1752 1718 1789 nec

453 1809 693 1883 frigidior
713 1810 971 1864 Thracam
993 1826 1091 1864 nec
1109 1811 1292 1881 purior
1310 1809 1507 1864 ambiat
1522 1810 1747 1875 Hebrus,

454 1885 666 1940 infirmo
684 1885 841 1957 capiti
860 1883 976 1939 fluit
993 1884 1159 1949 utilis,
1190 1884 1337 1939 utilis
1355 1883 1493 1940 alvo.

455 1961 563 2014 Hae
583 1960 806 2015 latebrae
825 1959 1023 2025 dulces,
1050 1969 1102 2013 et
1120 1960 1245 2025 iam,
1270 1960 1316 2013 si
1336 1959 1522 2023 media,
1546 1976 1818 2025 amoenae,

453 2034 772 2089 incolumem
791 2035 888 2089 tibi
908 2052 995 2089 me
1012 2042 1278 2106 praestant
1296 2034 1696 2106 Septembribus
1716 2036 1889 2091 horis,

457 2111 538 2165 Tu
559 2118 693 2165 recte
711 2109 869 2175 vivis,
893 2110 940 2164 si
960 2126 1116 2164 curas
1136 2127 1267 2175 esse,
1297 2109 1442 2182 quod
1461 2108 1635 2165 audis,

454 2188 712 2241 lactamus
733 2186 838 2239 iam
858 2185 1066 2257 pridem
1085 2186 1261 2240 omnis
1281 2192 1330 2239 te
1349 2186 1513 2240 Roma
1532 2185 1776 2241 beatum:

454 2261 547 2316 sed
563 2277 761 2328 vereor,
793 2277 860 2314 ne
878 2261 962 2314 cui
985 2260 1051 2314 de
1068 2268 1118 2314 te
1137 2258 1278 2331 plus,
1304 2277 1469 2332 quam
1489 2261 1586 2314 tibi
1605 2261 1811 2328 credaS,

456 2355 589 2393 neve
607 2339 759 2408 p'utes
778 2335 944 2391 alium
962 2335 1197 2407 sapiente
1217 2335 1464 2407 bonoque
1481 2335 1727 2390 beatum:

453 2430 576 2477 neu,
601 2412 647 2466 si
669 2419 718 2466 te
732 2409 964 2483 populus
979 2427 1174 2466 sanum
1193 2418 1433 2483 recteque
1450 2410 1716 2466 valentem

453 2486 669 2551 dictitet,
692 2486 950 2542 occultam
968 2485 1161 2541 febrim
1182 2487 1285 2542 sub
1311 2494 1518 2557 tempus
1536 2486 1740 2542 edendi*

452 2561 777 2627 dissimules,
800 2561 966 2618 donec
982 2561 1234 2617 manibus
1261 2568 1453 2616 tremor
1473 2561 1674 2617 incidat
1694 2567 1899 2622 unctis„

453 2637 744 2693 Stultorum
766 2638 1000 2693 incurata
1018 2637 1191 2710 pudor
1207 2636 1382 2692 malus
1405 2636 1583 2692 ulcera
1602 2638 1756 2695 celat.

455 2711 512 2766 Si
531 2712 655 2784 quis
674 2711 811 2767 bella
829 2712 926 2768 tibi
946 2720 1079 2768 terra
1096 2720 1331 2786 pugnata
1351 2713 1594 2786 marique

522 3006 551 3059 a
