2081 3169
332 349 386 394 25

337 719 389 761 30

342 1092 393 1134 35

340 1460 393 1506 40

341 1832 393 1879 45

340 2206 391 2247 50

341 2571 393 2613 55

446 235 512 287 98

989 236 1393 285 ODARUI

519 336 565 392 Ο
584 335 831 408 quisquis
851 335 990 390 volet
1009 337 1201 408 impias

595 410 778 464 caedes
797 417 847 465 et
867 411 1066 466 rabiem
1087 411 1265 466 tollere
1282 412 1524 478 civicam,

518 487 566 540 si
586 493 801 557 quaeret
821 487 968 540 Pater
989 486 1206 541 urbium

593 560 860 614 subscribi
877 560 1082 624 statuiS,
1108 561 1420 615 indomitam
1439 558 1624 615 audeat

518 634 776 689 refrenare
797 633 1079 700 licentiam,

593 709 766 763 clarus
784 710 1122 780 postgenitis3
1166 717 1444 781 quatenUS,
1472 709 1577 763 heu
1597 695 1768 762 nefas!

519 785 768 839 virtutem
789 784 1107 838 ineolumem
1127 784 1357 848 odimus,

595 858 856 913 sublatam
875 875 948 925 ex,
962 857 1129 912 oculis
1148 858 1472 930 quaerimuS,
1497 856 1688 912 invidi,

520 932 662 1017 Quid
682 934 852 986 tristes
877 933 1254 1003 querimoniae,

596 1007 642 1060 si
668 1023 771 1060 non
793 1006 1054 1090 supplicio
1078 1006 1232 1077 culpa
1256 1004 1538 1060 reciditur?

526 1081 659 1153 quid
680 1080 819 1152 leges
835 1082 953 1134 sine
971 1082 1210 1134 moribus

597 1172 763 1209 vanae
780 1155 1098 1225 proficiunt?
1134 1156 1182 1208 si
1202 1171 1372 1226 neque
1396 1152 1612 1207 fervidis

519 1247 642 1301 pars
661 1228 865 1282 ineiusa
881 1229 1147 1282 caloribus

598 1303 805 1367 mundi,
830 1320 925 1357 neo
942 1305 1131 1357 Boreae
1150 1303 1438 1359 finitimum
1459 1302 1612 1366 lame,

524 1370 850 1448 durataeque
863 1377 973 1431 solo
993 1378 1145 1431 nives

598 1460 934 1505 mercatorem
955 1451 1214 1524 abigunt?
1249 1451 1460 1508 horrida
1475 1448 1657 1504 callidi

523 1527 746 1581 vincunt
763 1544 988 1599 aequora
1009 1526 1252 1580 navitae?

598 1619 853 1674 magnum
873 1602 1149 1673 pauperies
1166 1602 1510 1687 opprobrium
1536 1599 1681 1654 iubet

524 1676 740 1748 quidvis
760 1684 809 1730 et
827 1676 992 1731 facere
1012 1684 1063 1730 et
1081 1678 1210 1747 pati,

598 1751 914 1822 virtutisque
934 1752 1078 1805 viam
1100 1751 1293 1805 deserit
1311 1747 1539 1805 arduae?

526 1822 620 1879 Vel
641 1843 735 1878 nos
757 1826 812 1879 in
833 1824 1169 1896 Capitolium,

599 1916 706 1969 quo
725 1899 920 1953 clamor
938 1908 1087 1953 vocat
1104 1907 1154 1953 et
1172 1900 1326 1953 turba
1344 1896 1652 1961 faventium,

523 1972 606 2026 vel
626 1989 722 2026 nos
744 1974 798 2027 in
818 1991 961 2027 mare
976 1974 1284 2044 proximum

596 2064 834 2118 gemmas
853 2055 903 2100 et
920 2046 1122 2118 lapides
1142 2065 1334 2103 aurum
1350 2055 1403 2101 et
1422 2044 1626 2109 inutile,

523 2122 724 2175 summi
743 2122 1012 2175 materiem
1033 2122 1180 2186 mali,

599 2196 890 2259 mittamuS,
916 2196 1174 2251 scelerum
1193 2195 1394 2251 sibene
1409 2193 1653 2266 poenitet.

522 2269 796 2323 Eradenda
814 2270 1081 2340 cupidinis

594 2344 748 2412 pravi
766 2351 892 2396 sunt
910 2344 1189 2410 elementa3
1231 2351 1282 2397 et
1296 2350 1502 2397 tenerae
1516 2338 1681 2395 nimis

523 2422 724 2469 mentes
744 2418 1096 2486 asperioribus

595 2487 897 2543 formandae
915 2491 1138 2544 studiis.
1204 2490 1379 2545 Nescit
1393 2504 1534 2561 equo
1550 2486 1702 2542 rudis

523 2562 734 2615 haerere
754 2563 1016 2633 ingenuus
1035 2581 1183 2634 puer,

599 2635 886 2704 venarique
906 2637 1068 2699 timet,
1095 2635 1273 2690 ludere
1289 2636 1504 2701 doctior,

523 2720 622 2762 seu
644 2705 839 2760 Graeco
857 2708 1038 2763 iubeas
1054 2710 1252 2775 -trooim,
