2081 3169
445 223 543 275 300
969 224 1080 269 DE
1154 217 1395 270 ARTE

334 341 414 385 2ῖο
442 328 507 382 At
527 327 683 382 vestri
703 326 887 396 proavi
905 319 1174 379 Plautinos
1196 332 1246 379 et
1263 337 1513 380 numeros
1531 332 1582 379 et

445 401 723 456 laudavere
744 401 897 465 sales,
923 401 1153 454 nimium
1173 401 1430 470 patienter
1448 401 1757 473 utrumque,

445 494 509 531 ne
528 476 699 529 dicam
721 475 893 541 stulte,
918 476 1091 529 mirati
1108 494 1120 541 ;
1164 476 1211 528 si
1230 474 1388 529 modo
1405 493 1502 548 ego
1519 484 1568 530 et
1589 493 1682 530 vos

442 552 641 605 scimus
662 550 986 605 inurbanum
1006 549 1181 620 lepido
1199 566 1446 620 seponere
1466 550 1619 615 dicto,

443 626 849 700 legitimumque
867 641 1059 679 sonum
1079 624 1259 698 digitis
1279 623 1529 679 callemus
1549 633 1597 679 et
1615 641 1761 679 aure.

333 712 412 755 275
514 702 757 773 Ignotum
782 700 1006 773 tragicae
1024 716 1195 772 genus
1214 700 1481 754 invenisse
1500 700 1759 755 Camenae

442 776 651 840 dicitur,
677 783 727 828 et
747 773 997 846 plaustris
1023 774 1227 828 vexisse
1251 777 1485 845 poemata
1503 774 1742 846 ThespiS,

442 868 577 922 quae
596 857 840 904 canerent
860 855 1048 922 ager-en
1110 853 1175 903 ue
1192 849 1432 921 peruncti
1451 847 1683 904 faecibus
1703 866 1815 905 ora.

442 926 561 978 Post
579 925 723 979 hunc
741 939 991 995 personae
1008 941 1076 994 pa
1119 937 1283 995 aeque
1303 932 1530 994 repertor
1545 923 1796 979 honestae

442 999 735 1072 Aeschylus
754 1008 803 1053 et
822 998 1043 1053 modicis
1063 999 1306 1052 instravit
1323 996 1528 1070 pulpita
1547 1000 1732 1072 tigniS‚

331 1085 409 1127 280
438 1082 488 1127 et
508 1074 682 1128 docuit
697 1085 1063 1146 magnumque
1083 1072 1227 1144 loqui
1247 1073 1452 1145 nitique
1469 1074 1745 1129 cothurno.

439 1149 697 1202 Successit
718 1158 866 1202 vetus
884 1148 973 1202 his
992 1148 1274 1213 comoedia,
1301 1159 1404 1201 non
1423 1149 1541 1202 sine
1559 1147 1725 1203 muita

440 1223 619 1290 laude;
664 1222 755 1276 sed
777 1223 830 1278 in
853 1224 1046 1277 vitium
1067 1222 1276 1277 libertas
1295 1222 1554 1277 exciditet
1576 1224 1683 1278 vim

439 1299 655 1371 dignam
678 1297 789 1370 lege
806 1299 945 1372 regi:
991 1297 1076 1352 lex
1090 1305 1173 1352 'e'st
1191 1295 1413 1369 accepta,
1437 1299 1738 1372 chorusque

439 1374 656 1443 turpiter
674 1373 910 1437 obticuit,
937 1372 1145 1427 sublato
1165 1373 1279 1427 iure
1299 1372 1537 1428 nocendi.

329 1457 407 1500 285
432 1448 516 1501 Nil
541 1449 847 1501 intentatum
873 1449 1035 1502 nostri
1058 1446 1259 1532 liquere
1278 1455 1479 1520 poetae3

439 1540 533 1576 nec
554 1524 836 1576 minimum
859 1531 1095 1577 meruere
1114 1523 1290 1590 decus,
1315 1524 1536 1598 vestigia
1557 1515 1754 1581 Graeca

437 1599 551 1652 ausi
572 1598 821 1662 deserere,
845 1600 902 1652 'et
914 1594 1177 1654 *celebrare
1196 1599 1476 1653 domestica
1493 1598 1643 1665 facita,

438 1672 519 1726 vel
539 1673 634 1744 qui
655 1681 945 1743 praetextas
964 1670 1048 1728 vel
1067 1675 1164 1746 qui
1184 1674 1404 1730 docuere
1423 1678 1642 1748 togatas.

436 1748 543 1801 Nec
567 1748 759 1802 virtute
779 1748 905 1804 foret
923 1748 1185 1821 clarisque
1204 1750 1464 1821 potentius
1485 1751 1670 1815 armis,

327 1833 405 1875 290
432 1840 595 1894 quam
615 1822 818 1898 lingua,
842 1824 1072 1889 Latium,
1098 1825 1144 1878 si
1165 1838 1271 1879 non
1290 1823 1568 1879 offenderet
1592 1834 1789 1880 unum-

434 1914 702 1968 quemque
720 1907 990 1969 poetarum
1010 1898 1168 1954 limae
1185 1888 1334 1954 labor
1351 1909 1400 1954 et
1416 1904 1583 1954 mora.
1664 1898 1791 1967 vos,
1817 1921 1852 1959 o

435 1971 726 2042 Pompilius
752 1975 988 2047 sanguis,
1013 1988 1223 2028 carmen
1245 1972 1621 2046 reprehendite,
1651 1978 1802 2048 quod
1823 1990 1934 2035 non

435 2046 600 2100 multa
619 2042 730 2101 dies
749 2056 799 2101 et
816 2048 982 2103 multa
1004 2049 1160 2103 litura
1180 2050 1420 2113 coercuit,
1445 2058 1600 2121 atque

433 2120 718 2193 perfectum
739 2122 907 2178 decies
926 2117 1034 2178 non
1056 2122 1329 2198 castigavit
1342 2125 1414 2179 'ad
1435 2138 1698 2198 unguem.

323 2208 402 2251 295
503 2197 783 2269 Ingenium
802 2199 994 2253 misera
1015 2201 1143 2271 quia
1164 2199 1476 2254 fortunatius
1496 2202 1603 2254 ai'te

433 2271 596 2326 credit
613 2279 662 2326 et
680 2272 913 2328 excludit
932 2292 1088 2329 sanos
1108 2274 1350 2329 Helicone
1374 2282 1548 2347 poetas

431 2346 780 2413 DemocrituS,'
801 2344 938 2404 bona
956 2366 1082 2421 pars
1103 2365 1207 2403 non
1228 2344 1433 2423 ungues
1449 2358 1646 2421 ponere
1664 2361 1835 2414 curat,

433 2438 539 2476 non
559 2420 796 2483 barbam,
822 2432 1016 2478 secreta
1033 2425 1160 2495 petit
1181 2424 1306 2488 loca,
1331 2425 1515 2479 balnea
1533 2424 1683 2478 vitat.

432 2496 770 2552 Nancisoetur
786 2500 927 2553 enim
944 2499 1175 2570 pretium
1197 2509 1497 2571 ‘nomenque
1511 2507 1712 2570 poetae,

323 2580 403 2625 300
428 2571 475 2625 si
495 2571 666 2626 tribus
686 2573 952 2647 Anticyris
978 2582 1134 2644 caput
1156 2570 1447 2629 insanabile
1468 2582 1769 2646 numquam

433 2646 629 2700 tonsori
657 2646 839 2703 Licino
852 2649 1194 2703 commiserit.
1276 2648 1321 2704 Ο
1340 2664 1436 2721 ego
1457 2649 1656 2713 laevus,

432 2720 528 2791 qui
546 2736 747 2795 purgor
764 2723 927 2778 bilem
946 2724 1051 2779 sub
1069 2723 1221 2781 verni
1242 2725 1489 2796 temporis
1505 2724 1726 2780 horam!

252 2800 381 2877 ’Ἀ
