<?xml version="1.0" encoding="UTF-8"?>
<!DOCTYPE html PUBLIC "-//W3C//DTD XHTML 1.0 Transitional//EN"
    "http://www.w3.org/TR/xhtml1/DTD/xhtml1-transitional.dtd">
<html xmlns="http://www.w3.org/1999/xhtml" xml:lang="en" lang="en">
 <head>
  <title>
</title>
<meta http-equiv="Content-Type" content="text/html;charset=utf-8" />
  <meta name='ocr-system' content='tesseract 3.04.00' />
  <meta name='ocr-capabilities' content='ocr_page ocr_carea ocr_par ocr_line ocrx_word'/>
</head>
<body>
  <div class='ocr_page' id='page_1' title='image "./qhoratiiflaccio02weisgoog_0016.png"; bbox 0 0 2081 3169; ppageno 0'>
   <div class='ocr_carea' id='block_1_1' title="bbox 197 2823 335 2940">
    <p class='ocr_par' dir='ltr' id='par_1_1' title="bbox 197 2823 335 2940">
     <span class='ocr_line' id='line_1_1' title="bbox 197 2823 335 2940; baseline 0 -8"><span class='ocrx_word' id='word_1_1' title='bbox 197 2823 335 2940; x_wconf 50' lang='grc' dir='ltr'><strong>’ἢ</strong></span> 
     </span>
    </p>
   </div>
   <div class='ocr_carea' id='block_1_2' title="bbox 345 346 396 389">
    <p class='ocr_par' dir='ltr' id='par_1_2' title="bbox 345 346 396 389">
     <span class='ocr_line' id='line_1_2' title="bbox 345 346 396 389; baseline -0.02 0"><span class='ocrx_word' id='word_1_2' title='bbox 345 346 396 389; x_wconf 81' lang='lat'><strong>25</strong></span> 
     </span>
    </p>
   </div>
   <div class='ocr_carea' id='block_1_3' title="bbox 346 720 397 763">
    <p class='ocr_par' dir='ltr' id='par_1_3' title="bbox 346 720 397 763">
     <span class='ocr_line' id='line_1_3' title="bbox 346 720 397 763; baseline 0 0"><span class='ocrx_word' id='word_1_3' title='bbox 346 720 397 763; x_wconf 84' lang='lat'><strong>30</strong></span> 
     </span>
    </p>
   </div>
   <div class='ocr_carea' id='block_1_4' title="bbox 346 1094 397 1137">
    <p class='ocr_par' dir='ltr' id='par_1_4' title="bbox 346 1094 397 1137">
     <span class='ocr_line' id='line_1_4' title="bbox 346 1094 397 1137; baseline 0 0"><span class='ocrx_word' id='word_1_4' title='bbox 346 1094 397 1137; x_wconf 80' lang='lat'><strong>35</strong></span> 
     </span>
    </p>
   </div>
   <div class='ocr_carea' id='block_1_5' title="bbox 346 1465 399 1510">
    <p class='ocr_par' dir='ltr' id='par_1_5' title="bbox 346 1465 399 1510">
     <span class='ocr_line' id='line_1_5' title="bbox 346 1465 399 1510; baseline 0 0"><span class='ocrx_word' id='word_1_5' title='bbox 346 1465 399 1510; x_wconf 77' lang='lat'><strong>40</strong></span> 
     </span>
    </p>
   </div>
   <div class='ocr_carea' id='block_1_6' title="bbox 455 230 1400 282">
    <p class='ocr_par' dir='ltr' id='par_1_6' title="bbox 455 230 1400 282">
     <span class='ocr_line' id='line_1_6' title="bbox 455 230 1400 282; baseline -0.003 0"><span class='ocrx_word' id='word_1_6' title='bbox 455 230 486 282; x_wconf 88' lang='grc'><strong>6</strong></span> <span class='ocrx_word' id='word_1_7' title='bbox 997 232 1400 279; x_wconf 73' lang='grc' dir='ltr'>ΟΒΑΒΗΜ</span> 
     </span>
    </p>
   </div>
   <div class='ocr_carea' id='block_1_7' title="bbox 527 332 1729 1532">
    <p class='ocr_par' dir='ltr' id='par_1_7' title="bbox 528 332 1640 539">
     <span class='ocr_line' id='line_1_7' title="bbox 529 332 1140 405; baseline -0.005 -16"><span class='ocrx_word' id='word_1_8' title='bbox 529 332 719 389; x_wconf 82' lang='lat' dir='ltr'>Audax</span> <span class='ocrx_word' id='word_1_9' title='bbox 739 333 915 387; x_wconf 90' lang='lat' dir='ltr'><strong>omnia</strong></span> <span class='ocrx_word' id='word_1_10' title='bbox 942 333 1140 405; x_wconf 79' lang='lat' dir='ltr'>perpeti</span> 
     </span>
     <span class='ocr_line' id='line_1_8' title="bbox 536 406 1640 538; baseline 0 -77"><span class='ocrx_word' id='word_1_11' title='bbox 536 483 573 538; x_wconf 41' lang='grc' dir='ltr'><strong>Α</strong></span> <span class='ocrx_word' id='word_1_12' title='bbox 601 408 1112 538; x_wconf 59' lang='lat' dir='ltr'><strong>{enslhumanaruit</strong></span> <span class='ocrx_word' id='word_1_13' title='bbox 1130 425 1224 480; x_wconf 90' lang='lat' dir='ltr'><strong>per</strong></span> <span class='ocrx_word' id='word_1_14' title='bbox 1242 408 1461 462; x_wconf 90' lang='lat' dir='ltr'><strong>vetitum</strong></span> <span class='ocrx_word' id='word_1_15' title='bbox 1482 406 1640 462; x_wconf 78' lang='lat' dir='ltr'><strong>nefas,</strong></span> 
     </span>
     <span class='ocr_line' id='line_1_9' title="bbox 528 491 1085 539; baseline -0.004 -1"><span class='ocrx_word' id='word_1_16' title='bbox 528 529 545 538; x_wconf 87' lang='lat'><strong>-</strong></span> <span class='ocrx_word' id='word_1_17' title='bbox 576 501 609 537; x_wconf 93' lang='lat' dir='ltr'><strong>u</strong></span> <span class='ocrx_word' id='word_1_18' title='bbox 650 502 717 538; x_wconf 84' lang='lat' dir='ltr'><strong>ax</strong></span> <span class='ocrx_word' id='word_1_19' title='bbox 761 502 788 537; x_wconf 94' lang='lat' dir='ltr'><strong>a</strong></span> <span class='ocrx_word' id='word_1_20' title='bbox 858 491 894 536; x_wconf 92' lang='lat' dir='ltr'><strong>t1</strong></span> <span class='ocrx_word' id='word_1_21' title='bbox 982 501 1085 539; x_wconf 86' lang='lat' dir='ltr'><strong>nus</strong></span> 
     </span>
    </p>

    <p class='ocr_par' dir='ltr' id='par_1_8' title="bbox 527 500 1633 707">
     <span class='ocr_line' id='line_1_10' title="bbox 602 500 1633 632; baseline -0.002 -20"><span class='ocrx_word' id='word_1_22' title='bbox 602 560 780 632; x_wconf 82' lang='lat' dir='ltr'>ignem</span> <span class='ocrx_word' id='word_1_23' title='bbox 792 500 983 613; x_wconf 39' lang='lat' dir='ltr'><strong>&amp;unffi</strong></span> <span class='ocrx_word' id='word_1_24' title='bbox 1003 558 1139 612; x_wconf 84' lang='lat' dir='ltr'><strong>mala</strong></span> <span class='ocrx_word' id='word_1_25' title='bbox 1160 559 1408 630; x_wconf 84' lang='lat' dir='ltr'><strong>gentibus</strong></span> <span class='ocrx_word' id='word_1_26' title='bbox 1428 556 1633 612; x_wconf 85' lang='lat' dir='ltr'><strong>intulit:</strong></span> 
     </span>
     <span class='ocr_line' id='line_1_11' title="bbox 527 633 1267 707; baseline -0.001 -19"><span class='ocrx_word' id='word_1_27' title='bbox 527 642 646 706; x_wconf 89' lang='lat' dir='ltr'><strong>post</strong></span> <span class='ocrx_word' id='word_1_28' title='bbox 666 635 843 707; x_wconf 81' lang='lat' dir='ltr'><strong>ignem</strong></span> <span class='ocrx_word' id='word_1_29' title='bbox 865 634 1089 688; x_wconf 87' lang='lat' dir='ltr'><strong>aetheria</strong></span> <span class='ocrx_word' id='word_1_30' title='bbox 1111 633 1267 687; x_wconf 90' lang='lat' dir='ltr'><strong>domo</strong></span> 
     </span>
    </p>

    <p class='ocr_par' dir='ltr' id='par_1_9' title="bbox 529 706 1642 849">
     <span class='ocr_line' id='line_1_12' title="bbox 603 706 1642 773; baseline -0.004 -10"><span class='ocrx_word' id='word_1_31' title='bbox 603 710 945 773; x_wconf 87' lang='lat' dir='ltr'><strong>subductum,</strong></span> <span class='ocrx_word' id='word_1_32' title='bbox 971 709 1162 763; x_wconf 83' lang='lat' dir='ltr'><strong>macies</strong></span> <span class='ocrx_word' id='word_1_33' title='bbox 1187 716 1237 763; x_wconf 88' lang='lat' dir='ltr'><strong>et</strong></span> <span class='ocrx_word' id='word_1_34' title='bbox 1257 723 1394 762; x_wconf 86' lang='lat' dir='ltr'><strong>nova</strong></span> <span class='ocrx_word' id='word_1_35' title='bbox 1413 706 1642 762; x_wconf 81' lang='lat' dir='ltr'><strong>febrium</strong></span> 
     </span>
     <span class='ocr_line' id='line_1_13' title="bbox 529 784 1166 849; baseline -0.002 -11"><span class='ocrx_word' id='word_1_36' title='bbox 529 784 680 838; x_wconf 90' lang='lat' dir='ltr'><strong>terris</strong></span> <span class='ocrx_word' id='word_1_37' title='bbox 702 784 946 838; x_wconf 82' lang='lat' dir='ltr'>incubuit</span> <span class='ocrx_word' id='word_1_38' title='bbox 962 785 1166 849; x_wconf 63' lang='lat' dir='ltr'><strong>cohow,</strong></span> 
     </span>
    </p>

    <p class='ocr_par' dir='ltr' id='par_1_10' title="bbox 530 857 1522 1007">
     <span class='ocr_line' id='line_1_14' title="bbox 603 857 1522 931; baseline -0.002 -18"><span class='ocrx_word' id='word_1_39' title='bbox 603 860 892 931; x_wconf 80' lang='lat' dir='ltr'>semotique</span> <span class='ocrx_word' id='word_1_40' title='bbox 908 860 1058 930; x_wconf 91' lang='lat' dir='ltr'><strong>prius</strong></span> <span class='ocrx_word' id='word_1_41' title='bbox 1079 858 1223 914; x_wconf 87' lang='lat' dir='ltr'><strong>tarda</strong></span> <span class='ocrx_word' id='word_1_42' title='bbox 1243 857 1522 912; x_wconf 78' lang='lat' dir='ltr'><strong>necessitas</strong></span> 
     </span>
     <span class='ocr_line' id='line_1_15' title="bbox 530 934 1152 1007; baseline 0.002 -20"><span class='ocrx_word' id='word_1_43' title='bbox 530 934 615 988; x_wconf 88' lang='lat' dir='ltr'><strong>leti</strong></span> <span class='ocrx_word' id='word_1_44' title='bbox 636 935 885 1004; x_wconf 86' lang='lat' dir='ltr'><strong>corripuit</strong></span> <span class='ocrx_word' id='word_1_45' title='bbox 903 934 1152 1007; x_wconf 82' lang='lat' dir='ltr'><strong>gradum.</strong></span> 
     </span>
    </p>

    <p class='ocr_par' dir='ltr' id='par_1_11' title="bbox 530 1007 1539 1155">
     <span class='ocr_line' id='line_1_16' title="bbox 603 1007 1539 1079; baseline -0.002 -16"><span class='ocrx_word' id='word_1_46' title='bbox 603 1009 865 1079; x_wconf 82' lang='lat' dir='ltr'><strong>Expertus</strong></span> <span class='ocrx_word' id='word_1_47' title='bbox 888 1026 1116 1064; x_wconf 90' lang='lat' dir='ltr'><strong>vacuum</strong></span> <span class='ocrx_word' id='word_1_48' title='bbox 1139 1007 1396 1062; x_wconf 78' lang='lat' dir='ltr'><strong>Daedalus</strong></span> <span class='ocrx_word' id='word_1_49' title='bbox 1422 1009 1539 1062; x_wconf 83' lang='lat' dir='ltr'><strong>ae&#39;ra</strong></span> 
     </span>
     <span class='ocr_line' id='line_1_17' title="bbox 530 1083 1254 1155; baseline -0.004 -17"><span class='ocrx_word' id='word_1_50' title='bbox 530 1084 720 1155; x_wconf 89' lang='lat' dir='ltr'><strong>pennis</strong></span> <span class='ocrx_word' id='word_1_51' title='bbox 741 1101 845 1138; x_wconf 92' lang='lat' dir='ltr'><strong>non</strong></span> <span class='ocrx_word' id='word_1_52' title='bbox 866 1084 1072 1138; x_wconf 90' lang='lat' dir='ltr'><strong>homini</strong></span> <span class='ocrx_word' id='word_1_53' title='bbox 1091 1083 1254 1138; x_wconf 86' lang='lat' dir='ltr'><strong>datis:</strong></span> 
     </span>
    </p>

    <p class='ocr_par' dir='ltr' id='par_1_12' title="bbox 531 1156 1642 1288">
     <span class='ocr_line' id='line_1_18' title="bbox 603 1156 1642 1229; baseline -0.001 -18"><span class='ocrx_word' id='word_1_54' title='bbox 603 1159 839 1229; x_wconf 82' lang='lat' dir='ltr'><strong>perrupit</strong></span> <span class='ocrx_word' id='word_1_55' title='bbox 858 1159 1146 1214; x_wconf 82' lang='lat' dir='ltr'><strong>Acheronta</strong></span> <span class='ocrx_word' id='word_1_56' title='bbox 1168 1156 1454 1212; x_wconf 83' lang='lat' dir='ltr'><strong>Herculeus</strong></span> <span class='ocrx_word' id='word_1_57' title='bbox 1475 1156 1642 1211; x_wconf 90' lang='lat' dir='ltr'><strong>labor.</strong></span> 
     </span>
     <span class='ocr_line' id='line_1_19' title="bbox 531 1233 1318 1288; baseline -0.001 -1"><span class='ocrx_word' id='word_1_58' title='bbox 531 1234 617 1287; x_wconf 88' lang='lat' dir='ltr'><strong>Nil</strong></span> <span class='ocrx_word' id='word_1_59' title='bbox 641 1233 949 1288; x_wconf 85' lang='lat' dir='ltr'>mortalibus</span> <span class='ocrx_word' id='word_1_60' title='bbox 968 1233 1196 1288; x_wconf 93' lang='lat' dir='ltr'><strong>arduum</strong></span> <span class='ocrx_word' id='word_1_61' title='bbox 1222 1241 1318 1287; x_wconf 91' lang='lat' dir='ltr'><strong>est.</strong></span> 
     </span>
    </p>

    <p class='ocr_par' dir='ltr' id='par_1_13' title="bbox 531 1306 1729 1456">
     <span class='ocr_line' id='line_1_20' title="bbox 604 1306 1729 1381; baseline 0 -19"><span class='ocrx_word' id='word_1_62' title='bbox 604 1307 823 1363; x_wconf 90' lang='lat' dir='ltr'><strong>Coelum</strong></span> <span class='ocrx_word' id='word_1_63' title='bbox 842 1310 1019 1381; x_wconf 89' lang='lat' dir='ltr'><strong>ipsum</strong></span> <span class='ocrx_word' id='word_1_64' title='bbox 1040 1309 1271 1380; x_wconf 88' lang='lat' dir='ltr'><strong>petimus</strong></span> <span class='ocrx_word' id='word_1_65' title='bbox 1289 1306 1527 1373; x_wconf 88' lang='lat' dir='ltr'><strong>stultitia,</strong></span> <span class='ocrx_word' id='word_1_66' title='bbox 1557 1324 1729 1379; x_wconf 89' lang='lat' dir='ltr'><strong>neque</strong></span> 
     </span>
     <span class='ocr_line' id='line_1_21' title="bbox 531 1382 1332 1456; baseline 0 -19"><span class='ocrx_word' id='word_1_67' title='bbox 531 1400 626 1455; x_wconf 90' lang='lat' dir='ltr'><strong>per</strong></span> <span class='ocrx_word' id='word_1_68' title='bbox 645 1392 881 1438; x_wconf 85' lang='lat' dir='ltr'><strong>nostrum</strong></span> <span class='ocrx_word' id='word_1_69' title='bbox 904 1385 1137 1456; x_wconf 85' lang='lat' dir='ltr'><strong>patimur</strong></span> <span class='ocrx_word' id='word_1_70' title='bbox 1160 1382 1332 1438; x_wconf 86' lang='lat' dir='ltr'><strong>scelus</strong></span> 
     </span>
    </p>

    <p class='ocr_par' dir='ltr' id='par_1_14' title="bbox 609 1458 1537 1532">
     <span class='ocr_line' id='line_1_22' title="bbox 609 1458 1537 1532; baseline 0.002 -20"><span class='ocrx_word' id='word_1_71' title='bbox 609 1459 860 1515; x_wconf 87' lang='lat' dir='ltr'><strong>iracunda</strong></span> <span class='ocrx_word' id='word_1_72' title='bbox 881 1461 1058 1517; x_wconf 90' lang='lat' dir='ltr'><strong>Iovem</strong></span> <span class='ocrx_word' id='word_1_73' title='bbox 1075 1477 1269 1532; x_wconf 87' lang='lat' dir='ltr'><strong>ponere</strong></span> <span class='ocrx_word' id='word_1_74' title='bbox 1292 1458 1537 1515; x_wconf 81' lang='lat' dir='ltr'><strong>fulmina.</strong></span> 
     </span>
    </p>
   </div>
   <div class='ocr_carea' id='block_1_8' title="bbox 804 1714 1603 1877">
    <p class='ocr_par' dir='ltr' id='par_1_15' title="bbox 804 1714 1603 1877">
     <span class='ocr_line' id='line_1_23' title="bbox 929 1714 1460 1774; baseline -0.011 0"><span class='ocrx_word' id='word_1_75' title='bbox 929 1718 979 1774; x_wconf 83' lang='lat'>0</span> <span class='ocrx_word' id='word_1_76' title='bbox 1040 1719 1101 1773; x_wconf 90' lang='lat' dir='ltr'>D</span> <span class='ocrx_word' id='word_1_77' title='bbox 1162 1717 1215 1771; x_wconf 90' lang='lat' dir='ltr'><strong>E</strong></span> <span class='ocrx_word' id='word_1_78' title='bbox 1332 1714 1460 1769; x_wconf 85' lang='lat' dir='ltr'><strong>IV.</strong></span> 
     </span>
     <span class='ocr_line' id='line_1_24' title="bbox 804 1831 1603 1877; baseline -0.006 -1"><span class='ocrx_word' id='word_1_79' title='bbox 804 1835 915 1877; x_wconf 71' lang='lat' dir='ltr'><strong>An</strong></span> <span class='ocrx_word' id='word_1_80' title='bbox 1001 1834 1057 1874; x_wconf 81' lang='lat'><strong>1..</strong></span> <span class='ocrx_word' id='word_1_81' title='bbox 1142 1831 1603 1876; x_wconf 69' lang='lat' dir='ltr'><strong>snx‘mum.</strong></span> 
     </span>
    </p>
   </div>
   <div class='ocr_carea' id='block_1_9' title="bbox 1022 1948 1376 1958">
    <p class='ocr_par' dir='ltr' id='par_1_16' title="bbox 1022 1948 1376 1958">
     <span class='ocr_line' id='line_1_25' title="bbox 1022 1948 1376 1958; baseline 0 1211"><span class='ocrx_word' id='word_1_82' title='bbox 1022 1948 1376 1958; x_wconf 95' lang='lat' dir='ltr'><strong> </strong></span> 
     </span>
    </p>
   </div>
   <div class='ocr_carea' id='block_1_10' title="bbox 454 2037 1961 2092">
    <p class='ocr_par' dir='ltr' id='par_1_17' title="bbox 454 2037 1961 2092">
     <span class='ocr_line' id='line_1_26' title="bbox 454 2037 1961 2092; baseline -0.002 -12"><span class='ocrx_word' id='word_1_83' title='bbox 454 2044 652 2080; x_wconf 75' lang='lat' dir='ltr'><strong>Hortatur</strong></span> <span class='ocrx_word' id='word_1_84' title='bbox 669 2038 854 2084; x_wconf 68' lang='lat' dir='ltr'><strong>amicum,</strong></span> <span class='ocrx_word' id='word_1_85' title='bbox 874 2040 980 2077; x_wconf 78' lang='lat' dir='ltr'><strong>veris</strong></span> <span class='ocrx_word' id='word_1_86' title='bbox 999 2040 1189 2083; x_wconf 81' lang='lat' dir='ltr'><strong>adventu,</strong></span> <span class='ocrx_word' id='word_1_87' title='bbox 1210 2040 1311 2076; x_wconf 82' lang='lat' dir='ltr'><strong>laete</strong></span> <span class='ocrx_word' id='word_1_88' title='bbox 1329 2044 1374 2075; x_wconf 85' lang='lat' dir='ltr'><strong>ut</strong></span> <span class='ocrx_word' id='word_1_89' title='bbox 1391 2038 1474 2075; x_wconf 78' lang='lat' dir='ltr'><strong>vita</strong></span> <span class='ocrx_word' id='word_1_90' title='bbox 1492 2037 1667 2085; x_wconf 71' lang='lat' dir='ltr'><strong>fruatur,</strong></span> <span class='ocrx_word' id='word_1_91' title='bbox 1685 2047 1827 2089; x_wconf 79' lang='lat' dir='ltr'><strong>utpote</strong></span> <span class='ocrx_word' id='word_1_92' title='bbox 1855 2055 1961 2092; x_wconf 63' lang='lat' dir='ltr'><strong>quae</strong></span> 
     </span>
    </p>
   </div>
   <div class='ocr_carea' id='block_1_11' title="bbox 896 2101 1501 2143">
    <p class='ocr_par' dir='ltr' id='par_1_18' title="bbox 896 2101 1501 2143">
     <span class='ocr_line' id='line_1_27' title="bbox 896 2101 1501 2143; baseline -0.002 -4"><span class='ocrx_word' id='word_1_93' title='bbox 896 2102 949 2139; x_wconf 77' lang='lat' dir='ltr'><strong>sit</strong></span> <span class='ocrx_word' id='word_1_94' title='bbox 967 2101 1217 2140; x_wconf 71' lang='lat' dir='ltr'><strong>brevissima.</strong></span> <span class='ocrx_word' id='word_1_95' title='bbox 1264 2105 1389 2143; x_wconf 61' lang='grc' dir='ltr'><strong>Μαι.</strong></span> <span class='ocrx_word' id='word_1_96' title='bbox 1405 2102 1501 2140; x_wconf 81' lang='lat' dir='ltr'><strong>XV.</strong></span> 
     </span>
    </p>
   </div>
   <div class='ocr_carea' id='block_1_12' title="bbox 455 2195 1965 2790">
    <p class='ocr_par' dir='ltr' id='par_1_19' title="bbox 457 2195 1811 2352">
     <span class='ocr_line' id='line_1_28' title="bbox 457 2195 1811 2277; baseline -0.001 -20"><span class='ocrx_word' id='word_1_97' title='bbox 457 2195 701 2258; x_wconf 81' lang='lat' dir='ltr'><strong>Solvitur</strong></span> <span class='ocrx_word' id='word_1_98' title='bbox 720 2203 854 2258; x_wconf 88' lang='lat' dir='ltr'><strong>acris</strong></span> <span class='ocrx_word' id='word_1_99' title='bbox 872 2203 1045 2259; x_wconf 87' lang='lat' dir='ltr'><strong>hiems</strong></span> <span class='ocrx_word' id='word_1_100' title='bbox 1064 2211 1210 2277; x_wconf 83' lang='lat' dir='ltr'><strong>grata</strong></span> <span class='ocrx_word' id='word_1_101' title='bbox 1230 2204 1345 2260; x_wconf 87' lang='lat' dir='ltr'><strong>vice</strong></span> <span class='ocrx_word' id='word_1_102' title='bbox 1365 2204 1502 2258; x_wconf 90' lang='lat' dir='ltr'><strong>veris</strong></span> <span class='ocrx_word' id='word_1_103' title='bbox 1521 2212 1571 2259; x_wconf 90' lang='lat' dir='ltr'><strong>et</strong></span> <span class='ocrx_word' id='word_1_104' title='bbox 1588 2203 1811 2268; x_wconf 71' lang='lat' dir='ltr'><strong>Favoni,</strong></span> 
     </span>
     <span class='ocr_line' id='line_1_29' title="bbox 527 2278 1567 2352; baseline 0.003 -21"><span class='ocrx_word' id='word_1_105' title='bbox 527 2278 851 2352; x_wconf 86' lang='lat' dir='ltr'><strong>trahuntque</strong></span> <span class='ocrx_word' id='word_1_106' title='bbox 869 2279 1033 2334; x_wconf 85' lang='lat' dir='ltr'><strong>siccas</strong></span> <span class='ocrx_word' id='word_1_107' title='bbox 1054 2280 1327 2335; x_wconf 84' lang='lat' dir='ltr'><strong>machinae</strong></span> <span class='ocrx_word' id='word_1_108' title='bbox 1345 2280 1567 2345; x_wconf 81' lang='lat' dir='ltr'><strong>carinas,</strong></span> 
     </span>
    </p>

    <p class='ocr_par' dir='ltr' id='par_1_20' title="bbox 455 2354 1960 2502">
     <span class='ocr_line' id='line_1_30' title="bbox 455 2354 1960 2429; baseline 0.001 -21"><span class='ocrx_word' id='word_1_109' title='bbox 455 2371 515 2408; x_wconf 92' lang='lat' dir='ltr'><strong>ac</strong></span> <span class='ocrx_word' id='word_1_110' title='bbox 534 2371 706 2427; x_wconf 89' lang='lat' dir='ltr'><strong>neque</strong></span> <span class='ocrx_word' id='word_1_111' title='bbox 725 2355 829 2410; x_wconf 89' lang='lat' dir='ltr'><strong>iam</strong></span> <span class='ocrx_word' id='word_1_112' title='bbox 851 2355 1073 2410; x_wconf 89' lang='lat' dir='ltr'><strong>stabulis</strong></span> <span class='ocrx_word' id='word_1_113' title='bbox 1092 2356 1286 2429; x_wconf 82' lang='lat' dir='ltr'><strong>gaudet</strong></span> <span class='ocrx_word' id='word_1_114' title='bbox 1304 2373 1464 2427; x_wconf 89' lang='lat' dir='ltr'><strong>pecus</strong></span> <span class='ocrx_word' id='word_1_115' title='bbox 1480 2398 1491 2420; x_wconf 92' lang='lat'>,</span> <span class='ocrx_word' id='word_1_116' title='bbox 1517 2361 1607 2409; x_wconf 90' lang='lat' dir='ltr'><strong>aut</strong></span> <span class='ocrx_word' id='word_1_117' title='bbox 1626 2361 1797 2408; x_wconf 86' lang='lat' dir='ltr'><strong>arator</strong></span> <span class='ocrx_word' id='word_1_118' title='bbox 1817 2354 1960 2428; x_wconf 79' lang='lat' dir='ltr'><strong>igni,</strong></span> 
     </span>
     <span class='ocr_line' id='line_1_31' title="bbox 530 2430 1441 2502; baseline 0 -18"><span class='ocrx_word' id='word_1_119' title='bbox 530 2447 626 2484; x_wconf 89' lang='lat' dir='ltr'><strong>nec</strong></span> <span class='ocrx_word' id='word_1_120' title='bbox 642 2439 786 2501; x_wconf 90' lang='lat' dir='ltr'><strong>prata</strong></span> <span class='ocrx_word' id='word_1_121' title='bbox 803 2432 948 2485; x_wconf 88' lang='lat' dir='ltr'><strong>canis</strong></span> <span class='ocrx_word' id='word_1_122' title='bbox 968 2430 1195 2486; x_wconf 85' lang='lat' dir='ltr'><strong>albicant</strong></span> <span class='ocrx_word' id='word_1_123' title='bbox 1213 2431 1441 2502; x_wconf 77' lang='lat' dir='ltr'><strong>pruinis,</strong></span> 
     </span>
    </p>

    <p class='ocr_par' dir='ltr' id='par_1_21' title="bbox 456 2504 1961 2654">
     <span class='ocr_line' id='line_1_32' title="bbox 456 2504 1961 2579; baseline 0.001 -20"><span class='ocrx_word' id='word_1_124' title='bbox 456 2507 565 2560; x_wconf 93' lang='lat' dir='ltr'><strong>lam</strong></span> <span class='ocrx_word' id='word_1_125' title='bbox 589 2505 839 2579; x_wconf 81' lang='lat' dir='ltr'><strong>Cytherea</strong></span> <span class='ocrx_word' id='word_1_126' title='bbox 858 2506 1043 2559; x_wconf 88' lang='lat' dir='ltr'><strong>choros</strong></span> <span class='ocrx_word' id='word_1_127' title='bbox 1061 2505 1205 2559; x_wconf 90' lang='lat' dir='ltr'><strong>ducit</strong></span> <span class='ocrx_word' id='word_1_128' title='bbox 1224 2506 1427 2570; x_wconf 81' lang='lat' dir='ltr'><strong>VenuS,</strong></span> <span class='ocrx_word' id='word_1_129' title='bbox 1452 2504 1757 2558; x_wconf 86' lang='lat' dir='ltr'><strong>imminente</strong></span> <span class='ocrx_word' id='word_1_130' title='bbox 1774 2505 1961 2570; x_wconf 83' lang='lat' dir='ltr'><strong>Luna,</strong></span> 
     </span>
     <span class='ocr_line' id='line_1_33' title="bbox 531 2580 1609 2654; baseline -0.001 -19"><span class='ocrx_word' id='word_1_131' title='bbox 531 2581 839 2653; x_wconf 88' lang='lat' dir='ltr'><strong>iunctaeque</strong></span> <span class='ocrx_word' id='word_1_132' title='bbox 858 2580 1126 2654; x_wconf 84' lang='lat' dir='ltr'><strong>Nymphis</strong></span> <span class='ocrx_word' id='word_1_133' title='bbox 1147 2580 1354 2635; x_wconf 87' lang='lat' dir='ltr'><strong>Gratiae</strong></span> <span class='ocrx_word' id='word_1_134' title='bbox 1373 2580 1609 2635; x_wconf 88' lang='lat' dir='ltr'><strong>decentes</strong></span> 
     </span>
    </p>

    <p class='ocr_par' dir='ltr' id='par_1_22' title="bbox 457 2652 1965 2790">
     <span class='ocr_line' id='line_1_34' title="bbox 457 2652 1965 2730; baseline 0.002 -19"><span class='ocrx_word' id='word_1_135' title='bbox 457 2656 655 2712; x_wconf 89' lang='lat' dir='ltr'><strong>alterno</strong></span> <span class='ocrx_word' id='word_1_136' title='bbox 673 2664 863 2711; x_wconf 89' lang='lat' dir='ltr'><strong>terram</strong></span> <span class='ocrx_word' id='word_1_137' title='bbox 881 2657 1129 2728; x_wconf 87' lang='lat' dir='ltr'><strong>quatiunt</strong></span> <span class='ocrx_word' id='word_1_138' title='bbox 1145 2657 1294 2729; x_wconf 87' lang='lat' dir='ltr'><strong>pede,</strong></span> <span class='ocrx_word' id='word_1_139' title='bbox 1308 2656 1440 2711; x_wconf 90' lang='lat' dir='ltr'><strong>dum</strong></span> <span class='ocrx_word' id='word_1_140' title='bbox 1458 2673 1647 2730; x_wconf 82' lang='lat' dir='ltr'><strong>graves</strong></span> <span class='ocrx_word' id='word_1_141' title='bbox 1657 2652 1965 2729; x_wconf 72' lang='lat' dir='ltr'><strong>Cyclopum</strong></span> 
     </span>
     <span class='ocr_line' id='line_1_35' title="bbox 531 2731 1411 2790; baseline -0.002 0"><span class='ocrx_word' id='word_1_142' title='bbox 531 2732 801 2790; x_wconf 87' lang='lat' dir='ltr'><strong>Vulcanus</strong></span> <span class='ocrx_word' id='word_1_143' title='bbox 820 2733 1008 2789; x_wconf 88' lang='lat' dir='ltr'><strong>ardens</strong></span> <span class='ocrx_word' id='word_1_144' title='bbox 1027 2733 1136 2789; x_wconf 90' lang='lat' dir='ltr'><strong>urit</strong></span> <span class='ocrx_word' id='word_1_145' title='bbox 1152 2731 1411 2788; x_wconf 50' lang='lat' dir='ltr'><strong>officina&amp;</strong></span> 
     </span>
    </p>
   </div>
  </div>
 </body>
</html>
