2081 3169
442 208 540 263 iffi
610 252 617 259 .
912 178 1386 249 'onasum

611 544 615 548 ι
877 475 927 531 Ο
987 474 1049 529 D
1107 472 1162 528 E
1275 469 1489 529 XIV.
1585 470 1590 473 ’

661 566 789 639 ¹An
837 589 1215 637 CAESAREM
1257 582 1673 631 Auens'rmu.

520 803 641 852 Quod
657 800 729 838 sub
749 795 938 847 auspiciis
952 792 1125 843 Augusti
1141 793 1301 830 Drusus
1321 791 1558 834 Genaunes,
1585 788 1773 826 Tiberius
1801 795 1931 826 autem

449 868 626 907 Rhaetos
639 863 816 902 feliciter
834 856 1097 901 debellarint,
1127 855 1324 898 exsultat,
1348 859 1387 890 et
1405 853 1531 902 ipsius
1551 852 1724 891 Caesaris
1742 852 1930 892 victorias

451 929 740 981 imperiumque
759 922 930 962 extollit.
977 923 1101 980 Metr.
1119 918 1236 956 XVI.
1350 913 1359 922 ’

527 1015 686 1090 Quae
702 1035 827 1076 cura
848 1020 1061 1073 Patrum
1079 1031 1280 1087 quaeve
1297 1006 1583 1080 Quiritium

524 1098 694 1172 plenis
713 1098 972 1150 honorum
991 1089 1303 1144 muneribus
1324 1095 1458 1152 tuas,
1551 1149 1559 1155 „

598 1174 853 1244 Auguste,
867 1166 1096 1222 ‘virtutes
1115 1164 1172 1218 in
1197 1181 1389 1218 aevum

673 1263 768 1316 per
787 1241 962 1297 titulos
982 1255 1347 1310 memoresque
1365 1236 1521 1309 fastos

346 1354 370 1395 5
528 1334 785 1394 aeternet‘?
820 1351 852 1389 ο
871 1350 976 1405 qua
996 1330 1073 1385 sol
1092 1328 1405 1384 habitabiles

531 1412 756 1467 illustrat
774 1426 908 1472 oraS,
931 1406 1163 1460 maxime
1182 1404 1510 1475 principum,

604 1503 766 1558 quem
785 1483 916 1555 legis
935 1487 1171 1551 expertes
1190 1478 1402 1532 Latinae

644 1623 650 1629 ,
680 1556 935 1616 Vindelici
955 1551 1182 1609 didicere
1202 1569 1388 1624 nuper,

534 1669 666 1749 quid
684 1669 844 1723 Marte
862 1681 1061 1737 posses,
1110 1712 1115 1717 ,
1140 1660 1305 1734 Milite
1324 1677 1445 1713 nam
1467 1666 1555 1712 tuo

353 1758 403 1812 1,0
477 1779 480 1780 ν
532 1748 734 1801 Drusus
754 1741 1054 1801 Genaunos‚
1078 1734 1420 1805 implacidum
1438 1750 1622 1806 genus,
1642 1762 1653 1770 ·

606 1809 949 1887 Breunosque*
963 1810 1180 1874 veloceS,
1204 1817 1254 1863 et
1273 1826 1414 1863 arces

662 1891 907 1961 Alpibus
927 1885 1196 1958 impositas
1216 1882 1498 1938 tremendis

536 1983 719 2037 deiecit
729 1999 853 2053 acer
871 1979 995 2051 plus
1015 1976 1130 2033 vice
1148 1971 1401 2045 simplici:

537 2057 702 2112 maior
720 2058 988 2110 Neronum
1006 2069 1134 2105 mox
1152 2066 1312 2122 grave
1330 2045 1584 2118 proelium

356 2146 405 2188 15
605 2130 893 2193 commisit,
918 2129 1283 2194 immanesque
1301 2123 1482 2175 Raetos

599 2199 612 2206 ’
686 2203 934 2276 auspiciis
950 2197 1154 2273 pepulit
1172 2195 1415 2252 secundis
1431 2213 1442 2261 ;

323 2306 347 2327 ’
453 2350 458 2360 ,
538 2295 850 2371 spectandus
871 2295 927 2347 in
946 2290 1227 2347 certamine
1245 2286 1445 2349 Martio,

347 2377 352 2380 ’
540 2374 725 2429 devota
744 2369 897 2424 morti
918 2373 1121 2439 pectora
1141 2362 1332 2417 liberae

616 2445 828 2520 quantis
847 2442 1083 2514 fatigaret
1101 2436 1298 2499 ruinis:

359 2535 411 2577 20
694 2518 975 2573 indomitas
991 2530 1151 2586 prope
1171 2507 1344 2581 qualis
1363 2505 1532 2561 undas

541 2619 742 2669 exercet
757 2608 964 2674 Auster,
986 2602 1256 2659 Pleiadum
1277 2599 1432 2653 choro

485 2703 491 2709 ·
544 2686 811 2743 scindente
832 2682 1029 2748 nubes;
1071 2676 1298 2750 impiger
1320 2670 1553 2763 bostium

265 2722 458 2912 *κ
