2081 3169
450 249 544 301 ⁴50
989 253 1387 299 EPODON

519 352 612 424 qui
634 366 878 422 persaepe
897 366 1023 406 cava
1043 353 1304 406 testudine
1324 352 1467 407 flevit
1486 370 1750 418 amorem,

593 444 697 480 non
720 426 1039 480 elaboratum
1060 427 1126 488 ad
1146 428 1352 497 pedem
1449 441 1456 444 ·

520 501 727 555 Ureris
713 518 824 571 1pse
844 502 1023 555 miser.
1087 502 1286 568 QuodS1
1309 519 1420 557 non
1433 502 1735 574 pulchrior
1721 503 1867 576 ignis

593 576 824 630 accendit
841 576 1108 630 obsessam
1129 577 1277 641 Ilion,

337 662 386 705 15
506 652 690 724 'gaude
711 658 846 715 sorte
862 659 972 704 tua
1052 652 1134 704 Me
1146 651 1413 719 libertina,
1440 670 1610 742 neque
1630 649 1739 706 uno

594 733 849 791 contenta,
874 725 1087 799 Phryne
1107 734 1347 780 macerat.

811 992 864 1047 E
900 992 952 1047 P
991 976 1138 1048 'oD
1178 990 1350 1049 os·
1400 946 1561 1048 Χῖ).

933 1111 1025 1152 An
1073 1110 1441 1188 ΝΕΑΕΙᾎᾼΜ..

569 1313 633 1350 De
652 1312 770 1352 rivali
791 1314 1077 1365 conqueritur,
1108 1313 1174 1352 cui
1192 1313 1363 1372 similem
1383 1315 1580 1353 fortunam
1600 1314 1815 1363 praedicit.

1074 1379 1198 1416 Metr.
1225 1379 1301 1415 Lx.

518 1465 650 1532 Nox
669 1483 793 1541 erat,
820 1484 868 1530 et
888 1475 1029 1534 coelo
1047 1476 1282 1549 fulgebat
1303 1475 1427 1531 luna
1447 1494 1627 1532 sereno

594 1552 728 1606 inter
747 1552 952 1606 minora
971 1551 1160 1617 sidera,

518 1644 687 1698 quum
708 1634 784 1691 tu,
811 1645 1124 1700 magnorum
1144 1645 1344 1682 numen
1365 1626 1568 1712 laesura
1588 1627 1828 1693 deorum,
1865 1687 1872 1693 ,

589 1703 645 1756 in
671 1702 830 1763 verba
849 1703 1060 1756 iurabas
1079 1720 1213 1767 mea,

334 1788 357 1830 ὁ
517 1777 696 1841 anina,
722 1777 1086 1847 atquehedera
1107 1793 1315 1848 procera
1337 1776 1680 1849 adstringitur
1707 1777 1833 1842 ilex,

593 1850 745 1905 lentis
765 1851 1051 1906 adhaerens
1077 1852 1333 1906 brachiis:

518 1927 647 1980 dum
670 1927 842 1995 pecori
863 1926 1040 1997 lupus,
1065 1934 1115 1980 et
1135 1927 1307 1981 nautis
1327 1925 1548 1981 mfestus
1569 1923 1731 1980 Orion

590 2000 814 2054 turbarit
834 2002 1118 2055 hibernum
1146 2019 1306 2066 mare,

517 2076 856 2146 intonsosque
876 2077 1085 2147 agitarit
1105 2075 1364 2146 Apollinis
1385 2092 1510 2130 aura
1531 2075 1765 2146 capilloe,

335 2161 384 2203 10
593 2149 701 2203 fore
722 2150 866 2203 hunc
885 2169 1116 2204 amorem
1137 2159 1405 2213 mutuum,

520 2242 551 2279 o
581 2224 803 2285 dolitura
827 2242 940 2279 mea
962 2225 1193 2279 multum
1213 2227 1422 2289 virtute,
1448 2225 1671 2279 Neaera!

585 2306 734 2363 Nam,
761 2300 806 2353 si
829 2300 960 2370 quid
982 2301 1036 2354 in
1059 2300 1242 2354 Flacco
1262 2301 1362 2353 viri
1382 2308 1475 2363 est,

518 2391 623 2427 non
642 2373 769 2427 feret
789 2375 1028 2428 assiduas
1049 2375 1236 2445 potiori
1258 2384 1306 2429 te
1326 2375 1448 2428 dare
1472 2381 1661 2438 nocteS‚

592 2454 642 2500 et
660 2456 871 2518 quaeret
890 2449 1052 2502 iratus
1071 2467 1250 2520 parem
1266 2469 1277 2517 3

333 2532 384 2574 15
518 2539 613 2575 nec
633 2522 790 2574 semel
812 2523 1035 2577 offensae
1057 2524 1200 2577 cedet
1218 2525 1503 2578 constantia
1523 2522 1737 2588 formae,

593 2596 638 2647 si
659 2602 829 2648 certus
851 2599 1053 2651 intrarit
1072 2598 1237 2652 dolor.

519 2666 586 2720 At
604 2675 681 2730 tu,
707 2669 1032 2741 quicumque
1051 2690 1107 2725 es
1127 2672 1341 2739 felicior,
1365 2680 1522 2744 atque
1542 2660 1659 2727 meo
1685 2688 1840 2727 nunc

272 2720 469 2835 Ἃ
595 2741 856 2809 superbus
876 2743 1074 2799 incedis
1101 2734 1257 2812 malo',
