2081 3169
726 205 1020 250 LIBER
1094 207 1136 249 1.
1614 198 1681 252 27

246 312 455 368 cantuS,
486 303 829 374 Melpomene,
855 307 940 358 cui
963 305 1222 376 liquidam
1244 307 1392 358 Pater

328 397 509 432 vocem
529 397 651 432 cum
675 380 872 433 cithara
891 380 1055 433 dedit.

248 471 392 543 Ergo
410 470 761 536 Quinctilium
780 480 1068 543 perpetuus
1086 489 1239 541 sopor

247 545 440 617 urget?
476 547 561 599 cui
583 547 772 616 pudor,
796 556 845 599 et
867 548 1095 600 iustitiae
1119 564 1264 599 soror

252 621 553 691 incorrupta
577 622 725 685 fides,
752 622 1004 692 nudaque
1026 622 1233 684 veritas,

327 695 543 766 quando
564 696 736 749 ullum
758 697 1027 751 invenient
1048 694 1264 765 parem?

249 786 436 841 Multis
457 787 545 839 ille
564 788 719 841 bonis
739 787 930 841 flebilis
950 787 1166 840 occidit:

248 859 388 914 nulli
411 860 648 926 flebilior,
679 880 844 933 quam
864 862 978 925 tibi,
1006 862 1216 933 virgili.
1732 874 1784 915 1ο

246 937 331 988 Tu
354 934 542 989 frustra
564 937 704 1006 pius,
731 937 862 990 heu!
908 955 1011 990 non
1046 937 1114 989 ita
1139 936 1394 989 creditum

327 1011 499 1080 poscis
520 1010 868 1087 Quinctilium
888 1011 1033 1065 deos,

246 1102 407 1167 Quod
432 1103 476 1154 si
500 1102 739 1155 Threicio
756 1101 1007 1156 blandius
1030 1102 1237 1173 Orpheo

247 1176 486 1230 auditam
509 1176 775 1230 moderere
793 1177 1072 1231 arboribus
1092 1177 1269 1242 fidem,

248 1269 358 1305 non
384 1269 546 1306 vanae
566 1251 739 1305 redeat
755 1253 975 1324 sanguis
997 1253 1239 1324 imagini,
1733 1263 1781 1304 15

326 1344 491 1397 quam
514 1327 663 1399 virga
683 1326 843 1380 semel
864 1327 1094 1391 horrida,
1301 1325 1307 1329 ’

246 1437 358 1472 non
380 1419 514 1472 lenis
533 1418 779 1489 precibus
797 1418 898 1472 fata
925 1417 1209 1482 recludere,

247 1495 406 1567 nigro
425 1494 734 1564 compulerit
753 1494 1048 1548 Mercurius
1071 1493 1240 1564 gregi.

245 1570 487 1624 Durum!
532 1568 633 1622 Sed
654 1568 822 1623 levius
844 1570 903 1622 fit
921 1567 1189 1640 patientia,

324 1641 594 1716 quidquid
614 1645 869 1717 corrigere
890 1651 968 1697 est
989 1640 1154 1695 nefas,
1727 1655 1778 1696 20

620 1928 884 1984 ODE
986 1925 1228 1981 XXV.

538 2047 675 2090 ΑΒ
795 2044 1309 2088 LYDIAM.

201 2288 373 2338 Lydiae
391 2286 550 2324 iamiam
570 2269 929 2340 vetulaessinsultnt,
949 2285 1057 2335 quod
1075 2284 1121 2321 ab
1142 2265 1378 2321 amatoribus
1399 2286 1614 2324 deseratur.

775 2351 899 2388 Mczr.
924 2349 1064 2386 xvn.

234 2466 471 2528 Parcius
489 2472 695 2527 iunctas
714 2473 960 2545 quatiunt
979 2471 1227 2536 fenestras

236 2548 439 2603 ictibus
457 2548 655 2602 crebris
673 2549 893 2603 iuvenes
911 2547 1156 2619 protervi,

235 2641 340 2679 nec
358 2623 453 2678 tibi
477 2641 690 2678 somnos
717 2623 986 2690 adimunt;
1027 2636 1271 2690 amatque

393 2698 554 2753 ianua
578 2698 760 2763 limen,

1507 2793 1750 3004 f
