2081 3169
418 228 520 284 212
920 229 1404 278 sA'rYRARUM

418 331 509 387 »di
529 331 625 385 tibi
644 330 769 385 dent
786 337 933 403 capta
951 331 1173 386 classem
1192 329 1448 385 deducere
1466 330 1637 385 Troia.

418 407 594 479 »Ergo
611 406 883 461 consulere
901 413 952 460 et
970 423 1097 460 mcx
1119 404 1432 476 respondere
1452 403 1660 458 licebit‘?

418 487 489 536 »ἵ
507 480 754 536 Consule.
836 487 870 536 ἵ
891 479 1000 536 Cur
1026 479 1181 544 Aiax,
1214 480 1370 534 heros
1397 480 1466 534 ab
1484 478 1690 534 Achille
1707 497 1899 536 secun-

1404 553 1528 619 dus,

419 631 694 702 mutescit,
718 630 867 684 toties
885 629 1106 683 servatis
1124 628 1298 683 clarus
1318 627 1557 694 Achivis,

311 717 389 762 195
415 704 676 779 »gaudeat
694 711 753 757 ut
769 702 999 775 populus
1010 703 1207 757 Priami
1223 703 1571 774 Priamusque
1587 703 1883 770 inhumat0,

418 797 548 852 »per
566 796 726 852 quem
745 786 818 833 tot
835 780 1053 833 iuvenes
1072 778 1240 848 patrio
1256 795 1469 834 caruere
1486 776 1762 848 sepulcro?

417 862 488 911 »ἵ
508 854 652 911 Mille
681 854 865 910 ovium
894 853 1119 908 insanus
1147 853 1300 909 morti
1325 852 1488 917 dedit,
1513 851 1778 925 inclytum

1404 927 1614 983 Ulixem

419 1012 503 1059 »et
521 1003 815 1060 Menelaum
835 1020 944 1058 una
965 1018 1175 1056 mecum
1193 1017 1251 1056 se
1267 1001 1499 1057 occidere
1515 1001 1754 1057 clamans

420 1086 489 1135 »Ἴ
509 1081 591 1133 Τιι
605 1121 617 1144 ,
668 1095 839 1150 quum
886 1094 984 1149 pro
1021 1076 1189 1132 vitula
1237 1077 1424 1131 statuis
1469 1075 1680 1132 dulcem
1717 1076 1912 1132 Aulide

1441 1160 1613 1206 natam

310 1239 389 1284 200
416 1234 570 1282 »ante
589 1243 722 1291 aras,
753 1226 1067 1298 spargisque
1085 1224 1225 1281 mola
1242 1168 1695 1297 caputffimprobe,
1720 1225 1881 1290 salsa,

419 1309 653 1357 »rectum
696 1301 862 1355 animi
906 1299 1123 1356 servas?
1176 1305 1211 1354 Ἰ
1244 1299 1551 1367 Quorsum?
1611 1306 1644 1355 ‘l
1681 1302 1911 1356 Insanus

1404 1374 1538 1446 quid
1560 1375 1707 1429 enim
1727 1375 1867 1431 Aiax

418 1451 591 1516 »fecit,
616 1467 786 1522 quum
812 1449 998 1504 stravit
1013 1447 1151 1503 ferro
1173 1447 1370 1520 pecus?
1405 1449 1675 1504 Abstinuit
1695 1450 1813 1504 vim

417 1542 618 1581 »uxore
636 1532 686 1579 et
703 1531 887 1599 gnat03
931 1523 1071 1578 mala
1095 1523 1261 1578 multa
1284 1531 1525 1596 precatus
1544 1522 1764 1590 Atridis,

416 1621 442 1654 n
454 1618 560 1656 non
580 1600 668 1655 ille
686 1607 777 1655 aut
796 1601 1058 1654 Teucrum
1077 1605 1169 1653 aut
1188 1599 1366 1670 ipsum
1386 1598 1605 1657 violavit
1627 1600 1837 1656 Ulixem
1851 1645 1864 1657 .

309 1687 388 1731 205
415 1681 487 1730 »Ἰ
506 1676 703 1732 Verum
722 1691 836 1748 egc‚
859 1681 921 1729 ut
938 1673 1209 1729 haerentes
1229 1672 1447 1729 adverso
1468 1673 1616 1729 litore
1638 1692 1805 1730 naves

416 1750 724 1821 »eriperem,
748 1748 979 1821 prudens
998 1747 1203 1819 placavi
1222 1749 1482 1822 sanguine
1501 1748 1675 1804 divae.

417 1831 487 1880 »ἵ
506 1826 708 1895 Nempe
723 1831 832 1888 tuc,
856 1822 1077 1879 furiosel
1123 1830 1157 1879 *Ι
1183 1823 1316 1888 Meo,
1339 1823 1433 1878 sed
1452 1840 1558 1878 non
1577 1823 1837 1880 furiosus.

417 1905 489 1954 »ἵ
508 1897 612 1964 Qui
631 1897 829 1969 species
848 1896 977 1952 alias
996 1897 1109 1953 veri
1127 1897 1443 1969 scelerisque
1462 1898 1699 1954 tumultu

418 1973 737 2044 »permixtas
762 1971 945 2042 capiet,
969 1979 1262 2027 commotus
1280 1972 1576 2037 habebitur,
1601 1980 1762 2045 atque

309 2059 388 2103 210
416 2046 736 2101 »stultitiane
753 2053 903 2112 erret,
929 2046 1163 2102 nihilum
1182 2047 1413 2112 distabit,
1436 2065 1504 2102 an
1530 2047 1628 2103 ira.

418 2121 588 2176 »Aiax
608 2138 781 2194 quum
800 2122 1089 2176 immeritos
1108 2121 1313 2187 occidit,
1333 2121 1540 2193 desipit,
1565 2139 1762 2196 agnos;

418 2217 442 2249 1>
453 2214 623 2269 quum
640 2196 875 2269 prudens
893 2196 1066 2253 scelus
1085 2197 1153 2252 ob
1173 2197 1350 2252 titulos
1374 2196 1607 2252 admittis
1628 2197 1840 2262 inaneS,

416 2290 442 2322 n
460 2280 566 2327 stas
593 2270 806 2327 animo?
851 2279 901 2326 et
915 2289 1116 2344 purum
1140 2279 1220 2327 est
1238 2272 1366 2328 vitio
1384 2271 1481 2326 tibi
1497 2312 1509 2336 ,
1540 2289 1716 2343 quum
1746 2274 1916 2327 tumi-

1398 2345 1532 2401 dum
1555 2353 1651 2411 est,
1677 2347 1806 2405 cor?

415 2421 651 2492 »Siquis
670 2420 847 2475 lectica
863 2419 1084 2475 nitidam
1101 2428 1302 2493 gestare
1322 2429 1461 2476 amet
1482 2438 1698 2494 agnam,

307 2505 387 2548 215
413 2496 575 2548 »huic
594 2502 790 2549 vestem
809 2500 869 2549 ut
883 2502 1073 2566 gnatae
1090 2503 1251 2566 paret,
1278 2495 1492 2551 ancillas
1510 2503 1674 2567 paret,
1690 2514 1912 2561 aurum,

418 2567 644 2621 »Rufam
662 2576 752 2622 aut
769 2568 1020 2623 Pusillam
1044 2569 1282 2640 appellet,
1307 2568 1531 2641 fortique
1549 2571 1741 2624 marito

419 2639 674 2695 »destinet
692 2658 936 2708 uxorem3
985 2643 1261 2698 interdicto
1278 2645 1405 2699 huic
1428 2661 1585 2699 omne
1602 2644 1809 2700 adimat
1828 2645 1919 2700 ius

418 2730 444 2762 »
453 2720 672 2782 praetor,
696 2721 748 2768 et
764 2713 832 2769 ad
848 2731 1003 2770 sanos
1028 2717 1177 2774 abeat
1194 2718 1353 2791 tutela
1369 2718 1729 2792 propinquos:

292 2828 399 2891 Ἣ
