2081 3169
673 238 969 285 LIBER
1038 237 1148 285 111.
1591 231 1648 283 9!

578 415 628 472 o
687 392 864 468 ΠΕ
981 410 1237 468 xv11.

474 533 576 575 An
638 530 953 585 AELIUM
1013 529 1350 573 LAMIAM.

159 705 392 747 Crastinum
412 704 449 742 ei
469 703 575 742 diem
592 705 693 742 laete
712 701 818 739 domi
834 701 1136 749 transigendum
1153 701 1239 737 fore
1251 727 1264 744 ,
1285 708 1448 750 propter
1462 702 1655 750 pluviam,

462 779 580 818 quam
597 766 803 804 imminere
821 771 1050 813 auguratur.
1099 765 1221 801 Metr.
1241 764 1357 800 XVI.

236 845 388 916 Aeli,
413 858 617 904 vetusto
637 848 830 905 nobilis
849 848 917 902 ab
936 848 1119 912 Lam0,
1140 877 1217 888 —

239 926 456 1000 quando
475 933 525 980 et
541 925 739 996 priores
760 925 888 977 hinc
903 923 1115 985 Lamias
1135 921 1309 976 ferunt

315 1001 694 1064 denominatoS,
717 1007 768 1053 et
792 1005 1042 1069 nepotum

245 1084 249 1088 ’
391 1093 486 1146 per
504 1092 758 1152 memores
777 1090 947 1146 genus
964 1089 1120 1126 omne
1135 1071 1294 1126 fastos

240 1176 449 1222 auctore
468 1166 534 1219 ab
552 1165 643 1219 illo
662 1165 808 1220 ducit
831 1164 1107 1236 originem,
1745 1174 1767 1213 5

240 1243 337 1315 qui
357 1242 688 1295 Formiarum
709 1239 916 1293 moenia
935 1238 1126 1292 dicitur

316 1317 559 1387 princeps
582 1322 631 1368 et
651 1315 918 1367 innantem
939 1312 1159 1366 Maricae

394 1391 634 1444 litoribus
662 1389 892 1442 tenuisse
909 1387 1095 1451 Lirim,

243 1484 343 1537 late
363 1490 621 1555 tyrannus
638 1499 650 1547 3
674 1511 750 1520 —
768 1496 881 1532 cras
901 1476 1038 1531 foliis
1058 1494 1246 1531 nemus
1299 1477 1304 1481 ’

241 1557 426 1613 multis
447 1563 496 1610 et
514 1555 631 1628 alga
652 1554 777 1610 litus
796 1552 975 1608 inutili
1718 1559 1769 1601 10

316 1633 544 1687 demissa
565 1637 843 1701 tempestas
860 1629 927 1683 ab
946 1629 1091 1681 Euro

394 1715 603 1769 sternet,
626 1722 792 1776 aquae
811 1704 916 1757 nisi
934 1701 1069 1756 fallit
1088 1719 1259 1774 augur

244 1814 439 1853 annosa
461 1797 666 1850 cornix.
743 1797 881 1849 Dum
901 1801 1065 1865 poteS,
1087 1789 1296 1845 aridum
1322 1841 1325 1842 ⁷

243 1889 497 1943 compone
518 1871 753 1943 lignum:
796 1886 910 1922 cras
930 1867 1160 1922 Genium
1180 1884 1322 1920 mero

318 1947 529 2002 curabis
546 1954 595 1999 et
615 1962 771 2015 poroo
786 1942 1042 2006 bimestri,
1719 1948 1770 1989 15

393 2038 516 2075 oum
537 2018 753 2074 famulis
770 2034 991 2090 operum
1010 2015 1215 2072 solutis,

566 2222 615 2276 0
676 2220 737 2275 D
797 2218 850 2273 E
966 2215 1270 2273 XVIII.

697 2336 788 2377 An
833 2333 1146 2377 FAUNUM.

176 2510 416 2547 Faunalibus
430 2536 443 2553 ,
466 2521 564 2557 quae
582 2508 714 2546 Nonis
731 2506 1018 2544 Decembribus
1038 2505 1266 2553 agebantur,
1291 2503 1483 2552 hymnum
1501 2498 1663 2536 accinit.

776 2573 898 2609 Metr.
923 2571 1062 2608 XVII.

248 2650 297 2709 F
299 2674 455 2720 aune,
480 2656 850 2727 Nympharum
877 2653 1173 2725 fugientum
1191 2656 1405 2711 amator,

252 2750 341 2802 per
365 2749 508 2785 meos
532 2731 661 2786 fines
679 2739 730 2785 et
751 2730 925 2801 aprica
945 2743 1068 2780 rura
