2081 3169
700 182 996 231 LIBER
1066 182 1167 231 lv.

263 282 424 338 flebili
442 299 667 356 sponsae
683 284 999 338 iuvenemve
1018 292 1227 355 raptum

262 359 446 430 plorat,
470 367 520 413 et
541 360 680 413 vires
701 359 1050 429 animumque
1066 375 1343 430 moresque

264 451 446 488 aureos
466 434 641 488 educit
660 435 717 487 in
740 441 876 488 astra
896 434 1159 507 nigroque

411 508 614 563 invidet
632 508 785 563 Orco.

262 615 426 671 Multa
444 617 722 671 Dircaeum
738 615 878 670 levat
898 634 1025 670 aura
1046 632 1301 689 cygnum,

262 691 443 754 tendit,
469 690 680 755 Antoni,
709 692 913 762 quoties
934 691 990 744 in
1010 690 1141 744 altos

264 766 734 819 nubium-tractus:
775 783 893 838 ego,
919 765 1033 837 apis
1054 765 1278 820 Matinae
1327 811 1338 822 .

413 856 560 893 more
578 839 855 910 modoque,

261 954 408 1019 grata
427 947 685 1016 carpentis
703 946 888 1018 thyma
907 963 1001 1016 per
1018 945 1251 1000 laborem

261 1021 579 1091 plurimum,
603 1021 735 1073 circa
755 1038 944 1074 nemus
964 1020 1224 1091 uvidique

261 1095 478 1150 Tiburis
497 1095 640 1164 ripas
659 1111 872 1164 operosa
891 1112 1090 1165 parvus

413 1169 646 1223 carmina
666 1169 828 1240 fingo.

261 1277 518 1332 Concines
538 1277 733 1330 maiore
748 1283 897 1346 poeta
922 1276 1116 1346 plectro

261 1352 553 1415 Caesarem,
573 1349 896 1422 quandoque
913 1351 1082 1405 trahet
1098 1350 1292 1405 feroces

258 1443 356 1498 per
374 1442 583 1479 sacrum
603 1424 822 1489 clivum,
847 1425 1026 1479 merita
1051 1425 1268 1479 decorus

409 1498 610 1563 fronde,
634 1498 978 1572 Sygambros:

259 1624 370 1678 quo
389 1605 524 1661 nihil
542 1608 715 1663 maius
736 1606 994 1662 meliusve
1012 1607 1164 1661 terris

257 1681 363 1735 fata
382 1681 639 1735 donavere
657 1682 891 1752 bonique
908 1681 1040 1745 divi,

257 1773 357 1810 nec
375 1756 594 1819 dabunt,
618 1756 866 1827 quamvis
886 1755 1171 1811 redeuntia
1192 1772 1383 1810 aurum

409 1837 639 1900 tempora
657 1831 921 1901 priscum:

257 1938 501 1991 concines
520 1936 784 2009 laetosque
802 1937 914 2006 dies
934 1944 984 1991 et
1006 1936 1160 1991 Urbis

254 2010 536 2081 publicum
557 2012 763 2074 ludum,
788 2029 945 2082 super
965 2012 1235 2082 impetrato

255 2084 404 2139 fortis
423 2083 650 2157 Augusti
672 2085 861 2150 reditu,
885 2084 1168 2157 forumque

408 2158 592 2213 litibus
610 2159 820 2213 orbum.

258 2263 396 2315 Tum
417 2279 579 2327 meae,
605 2264 651 2316 si
672 2263 803 2334 quid
825 2262 1011 2333 loquar
1028 2260 1372 2325 audiendum,

262 2336 401 2390 vocis
421 2336 625 2391 accedet
643 2337 780 2391 bona
797 2354 937 2407 pam,
960 2344 1034 2390 et:
1074 2354 1110 2391 o
1126 2335 1215 2389 Sol

255 2408 492 2479 pulcher,
515 2428 548 2463 o
568 2410 854 2465 laudande!
896 2427 1100 2475 canam,
1125 2416 1327 2480 recepto

406 2484 625 2556 Caesare
643 2484 792 2539 felix.

259 2582 445 2654 Tuque
465 2583 596 2638 dum
616 2584 872 2653 procediS‚
896 2585 951 2637 Io
965 2582 1263 2651 triumphe!

256 2673 362 2712 non
381 2657 544 2713 semel
564 2658 819 2722 dicemus„
844 2659 900 2711 Io
916 2656 1211 2725 triumphe!

1574 178 1675 232 -m

1736 628 1791 673 25

1733 1032 1785 1075 30

1736 1435 1786 1478 35

1692 1835 1785 1879 ,40

1731 2266 1783 2312 45

1730 2658 1783 2700 50
