2081 3169
354 797 405 840 20

353 1172 405 1214 25

352 1547 403 1590 30

349 1995 401 2039 35

348 2441 401 2488 ⁴0

460 232 560 284 206
966 230 1446 281 sATYRARtm

460 335 779 409 ponendum
802 351 978 408 aequo
998 338 1201 392 animo.
1260 355 1377 391 non.
1400 337 1462 390 Di
1487 342 1565 397 te,
1598 333 1954 407 Damasippo,

1447 411 1697 480 deaeque

463 505 655 543 verum
675 488 747 543 ob
768 488 1063 542 consilium
1085 487 1286 542 donent
1306 486 1551 541 tonsore!
1578 484 1689 539 Sed
1710 485 1862 539 unde

465 572 577 618 tam
598 563 739 618 bene
762 581 849 618 me
870 562 1056 619 nosti?
1071 580 1192 618 ιιΑιι.
1205 563 1501 634 Postquam
1521 561 1702 616 omnis
1722 577 1812 615 res
1834 579 1960 616 mea

1452 639 1646 692 Ianum

466 713 536 769 ad
558 712 805 768 medium
828 711 996 767 fracta
1016 720 1118 776 est,
1145 711 1323 767 aliena
1344 714 1562 788 negotia
1583 727 1735 776 cum,

461 803 716 840 excussus
735 785 979 858 propriis.
1040 783 1183 838 Olim
1201 802 1326 838 nam
1344 801 1594 856 quaerere
1611 787 1880 854 amabam,

464 879 571 933 quo
596 860 738 916 vafer
758 860 847 914 ille
862 859 1022 931 pedes
1050 858 1263 914 lavisset
1280 860 1544 933 Sisyphus
1564 878 1698 927 aere,

462 936 596 1008 quid
615 935 879 1007 sculptum
901 933 1122 1000 infabre,
1144 934 1276 1005 quid
1294 933 1477 988 susum
1496 935 1686 990 durius
1705 946 1862 992 esset.

462 1010 698 1066 Callidus
716 1010 843 1064 huic
859 1011 1013 1082 signo
1030 1011 1290 1081 ponebam
1313 1010 1478 1064 millia
1498 1018 1737 1066 eentum:

461 1084 636 1140 hortos
656 1086 997 1160 egregiasque
1015 1085 1199 1139 domos
1218 1085 1494 1139 mercarier
1515 1103 1657 1139 unus

460 1177 583 1215 cum
606 1160 750 1214 lucro
774 1177 986 1228 noram;
1029 1160 1174 1215 unde
1197 1158 1488 1232 frequentia
1509 1162 1821 1216 Mercuriale

463 1236 756 1321 imposuere
774 1235 909 1288 mihi
929 1252 1219 1320 cognomen
1239 1236 1483 1307 compita.
1562 1255 1676 1290 non.
1699 1238 1861 1302 Novi,

461 1317 512 1365 et
531 1311 692 1364 miror
716 1310 888 1364 morbi
922 1306 1210 1396 purgatum
1229 1318 1281 1364 te
1300 1310 1464 1365 illius
1543 1309 1742 1383 Atqui

461 1386 654 1441 emovit
676 1393 897 1440 veterem
918 1385 1051 1440 mire
1071 1403 1262 1452 novuS‚
1286 1392 1345 1440 ut
1363 1385 1509 1455 solet,
1539 1387 1594 1439 in
1616 1403 1705 1440 cor

463 1462 668 1516 traiecto
688 1460 861 1515 lateris
881 1461 1061 1515 miseri
1080 1461 1332 1534 capitisve
1358 1428 1552 1525 dolore,

460 1544 520 1592 ut
540 1535 856 1610 lethargicus
873 1536 979 1601 hic,
1003 1554 1173 1608 quum
1195 1537 1253 1591 fit
1271 1536 1421 1610 pugil
1443 1543 1491 1590 et
1500 1535 1768 1591 medicum
1780 1556 1852 1593 ur

457 1614 596 1667 Dum
618 1629 683 1666 ne
702 1611 836 1684 quid
854 1611 1030 1666 simile
1048 1612 1193 1678 huic,
1216 1621 1326 1667 esto
1347 1611 1568 1666 utlibet.
1644 1630 1772 1668 nau.
1798 1549 1967 1670 Οἰο-

1444 1704 1527 1751 ne‚
1554 1703 1621 1741 ne
1640 1695 1689 1740 te

459 1760 730 1817 frustrere:
772 1763 975 1816 insanis
997 1768 1049 1815 et
1070 1769 1127 1816 tu
1146 1761 1400 1834 stultique
1413 1776 1576 1833 prope
1593 1778 1801 1827 omnes,

458 1838 505 1890 si
531 1837 664 1909 quid
684 1837 962 1892 Stertinius
981 1837 1094 1892 veri
1112 1843 1303 1908 crepat,
1328 1838 1472 1891 unde
1487 1852 1583 1910 ego
1608 1838 1746 1892 mira

458 1911 709 1983 descripsi
729 1912 913 1966 docilis
933 1904 1202 1998 praecepta
1222 1912 1367 1977 haec,
1396 1919 1627 1982 tempore
1644 1929 1868 1984 quome

458 1985 654 2042 solatus
675 1987 830 2041 iussit
847 1988 1135 2074 sapientem
1153 2004 1365 2059 pascere
1382 1987 1600 2042 barbam

457 2068 614 2133 atque
634 2080 663 2116 a
683 2062 922 2116 Fabricio
942 2079 1049 2117 non
1068 2062 1269 2116 tristem
1288 2070 1446 2135 ponte
1462 2062 1671 2116 reverti

457 2138 611 2202 Nam,
635 2137 772 2192 male
794 2154 849 2191 re
865 2144 1027 2210 gesta,
1052 2152 1226 2209 quum
1245 2137 1434 2192 vellem
1455 2137 1659 2190 mittere
1672 2145 1862 2206 operto

457 2230 544 2266 me
561 2213 728 2284 capite
748 2212 802 2266 in
822 2211 1038 2277 flumen,
1064 2211 1246 2267 dexter
1262 2214 1400 2266 stetit
1411 2220 1492 2266 et:
1536 2211 1711 2265 »Cave
1736 2210 1883 2265 fans

458 2295 544 2342 »te
572 2287 869 2360 quidquam
899 2287 1213 2362 indiguum!
1249 2286 1490 2415 Pudor?
1511 2286 1704 2357 inquit,
1732 2294 1824 2340 sne
1843 2298 1967 2342 ma-

1201 2398 1204 2399 r
1463 2374 1528 2416 us
1543 2370 1613 2415 n'n
1658 2361 1712 2425 t,

458 2437 707 2490 »insanos
726 2436 822 2506 qui
843 2436 979 2490 inter
997 2448 1207 2493 vereare
1232 2437 1456 2524 insanus
1477 2376 1712 2489 habeff.

458 2529 484 2562 »
496 2511 734 2565 PrImum
756 2527 880 2565 nam
899 2512 1189 2584 inquiram,
1213 2512 1347 2583 quid
1361 2512 1434 2565 sit
1443 2506 1650 2564 fii-rere
1667 2510 1779 2564 hoc
1795 2511 1848 2565 si
1861 2512 1974 2566 erit

1441 2586 1498 2640 in
1533 2593 1585 2639 ie

458 2655 622 2720 »solo,
647 2655 722 2710 n'il
745 2659 910 2723 verbi,
933 2670 1115 2730 pereas
1135 2660 1267 2737 qum
1291 2658 1501 2724 sortiter,
1527 2659 1738 2713 addam.

458 2729 663 2795 »Quem
682 2731 822 2786 mala
841 2734 1058 2789 stultitia
1076 2744 1126 2789 et
1145 2746 1519 2807 quemcunque
1541 2735 1747 2790 inscitia
1765 2738 1898 2793 vm
