2081 3169
703 214 997 260 LIBER
1067 214 1112 262 1.

308 313 374 369 ad
395 332 542 369 arma
562 322 839 378 cessanteS,
863 314 934 367 ad
948 332 1093 369 arma

320 422 328 429 ·
379 391 616 453 concitet,
642 390 1033 461 imperiumque
1060 389 1279 462 frangat.

230 481 303 534 Te
322 499 530 553 semper
548 481 710 536 anteit
727 498 893 536 saeva.
902 481 1212 542 Necessitas,

229 555 405 612 clavos
427 557 650 611 trabales
668 564 718 615 et
737 573 930 609 cuneos
952 573 1114 610 manu

305 639 517 704 gestans
535 632 703 686 ahena
718 650 729 699 3
771 649 868 685 nec
885 648 1102 685 severus

381 724 555 761 uncus
575 707 736 770 abest,
762 705 1138 791 liquidumque
1156 705 1460 777 plumbum.

229 799 300 851 Te
321 797 469 869 SpeS,
495 805 545 852 et
564 797 684 853 albo
700 816 815 853 rara
833 797 993 852 Fides
1012 796 1135 852 colit
1190 820 1196 825 ’

230 871 398 927 velata
420 890 614 943 pann0,
638 891 734 928 nec
757 874 1001 927 comitem
1020 873 1260 946 abnegat,

306 956 595 1020 utcumque
612 956 808 1002 mutata
833 956 1065 1019 potentes

382 1031 524 1077 veste
541 1023 724 1077 domos
745 1022 958 1077 inimica
985 1022 1205 1097 linquis.

229 1114 298 1166 At
318 1113 516 1186 vulgus
540 1114 765 1168 infidum
785 1122 835 1168 et
852 1117 1097 1170 meretrix
1116 1126 1249 1172 retro

226 1187 439 1259 periura
457 1188 618 1243 cedit:
661 1188 963 1263 diffugiunt,
988 1191 1131 1245 cadis

304 1279 428 1316 cum
448 1263 587 1317 faece
606 1265 826 1329 siccatiS‚
857 1266 1029 1330 amici,

381 1337 513 1392 ferre
534 1339 723 1412 iugum
742 1341 935 1410 pariter
957 1340 1143 1394 dolosi.
1167 1373 1242 1382 -—

226 1430 416 1484 Sei-ves
438 1429 637 1484 iturum
657 1431 927 1486 Caesarem
948 1432 1003 1485 in
1024 1431 1239 1486 ultimos

223 1505 374 1560 orbis
392 1506 689 1566 Britannos,
713 1514 762 1560 et
782 1507 1036 1561 iuvenum
1059 1524 1237 1562 recens

300 1598 543 1646 examen,
567 1582 690 1636 Eois
712 1581 1005 1636 timendum

378 1656 616 1727 partibus
636 1656 944 1729 Oceanoque
966 1658 1145 1712 rubro.

215 1750 400 1813 Eheu,
423 1748 721 1803 cicatricum
743 1759 792 1803 et
811 1748 1019 1804 sceleris
1044 1749 1207 1821 pudet

214 1824 575 1895 fratrumque.
654 1825 795 1891 Quid
816 1843 912 1879 nos
930 1825 1062 1879 dura
1088 1824 1382 1900 refugimus

299 1898 480 1953 aetas?
515 1900 648 1971 quid
668 1901 917 1954 intactum
941 1899 1125 1955 nefasti

380 1973 674 2046 liquimus?
711 1976 852 2029 unde
874 1994 1098 2030 manum
1118 1977 1365 2030 iuventus

209 2074 373 2123 metu
392 2064 608 2120 deorum
627 2066 919 2122 continuit?
955 2067 1155 2139 quibus

202 2140 457 2217 pepercit
476 2141 617 2194 aris?
653 2142 698 2195 O
717 2143 920 2196 utinam
942 2160 1077 2196 nova

291 2213 495 2271 incude
514 2216 761 2289 diffingas
782 2225 1018 2271 retusum
1040 2218 1096 2270 in

374 2290 693 2363 Massagetas
713 2293 1020 2362 Arabasque
1038 2291 1263 2345 ferrum!

730 2512 1069 2521 -—-————

1589 206 1655 260 37

1712 327 1763 369 15
1787 352 1810 375 .

1709 718 1760 760 20

1708 1129 1759 1171 25

1705 1913 1756 1956 35

1700 2300 1753 2346 40
