2081 3169
612 206 754 250 LIB.
793 205 840 251 1.
898 206 1063 251 SAT.
1101 205 1193 251 111.
1556 199 1652 250 169

536 429 1034 486 SATYRA
1127 427 1275 485 ΙΙΙ.

154 671 221 709 De
237 667 405 717 Tigellii
424 679 580 705 morum
597 664 881 709 inconstantia,
901 665 1028 713 deque
1045 661 1254 700 hominum
1269 662 1382 702 vitiis
1399 665 1591 712 serendis,
1611 673 1650 706 et

445 732 495 768 do
514 729 746 768 discrimine
766 727 873 766 inter
888 734 1052 777 peccat·
1070 727 1361 765 constituendo.

160 824 443 888 Omnibus
462 830 565 884 hoc
583 830 775 885 vitium
796 835 874 882 est
892 827 1213 892 cantoribus,
1239 828 1374 882 inter
1393 831 1586 884 amicos

156 915 218 963 ut
235 923 534 978 numquam
556 905 807 959 inducant
825 903 1067 957 animum
1092 910 1297 957 cantare
1315 905 1495 976 rogati,

156 982 349 1036 iniussi
377 997 673 1052 numquam
694 979 964 1034 desistant.
1043 978 1241 1032 Sardus
1261 977 1483 1032 habebat

155 1057 247 1111 ille
266 1055 522 1128 Tigellius
543 1055 660 1109 hoc.
739 1054 944 1119 Caesar,
967 1053 1065 1124 qui
1083 1069 1265 1125 cogere
1282 1061 1470 1123 posset,

155 1133 204 1185 si
223 1138 417 1202 peteret
434 1147 529 1202 per
549 1129 830 1183 amicitiam
850 1129 1013 1200 pati-is
1031 1135 1191 1200 atque
1208 1145 1379 1193 suam,
1404 1147 1508 1183 non
1735 1142 1758 1183 5

156 1205 454 1279 quidquam
476 1204 770 1276 proficeret:
812 1204 859 1257 si
879 1203 1218 1268 collibuisset,
1242 1202 1308 1256 ab
1333 1220 1433 1257 ovo

154 1298 332 1352 usque
351 1280 417 1334 ad
438 1278 577 1334 mala
597 1280 800 1333 citaret:
841 1280 932 1334 »Io
948 1278 1148 1332 Bacche
1161 1279 1172 1331 !
1187 1298 1213 1330 α
1232 1277 1388 1332 modo
1412 1295 1622 1332 summa

154 1373 303 1419 voce,
328 1354 484 1409 modo
501 1354 618 1419 hac,
643 1360 849 1408 resonat
867 1371 1004 1424 quae
1021 1352 1232 1407 chordis
1250 1360 1494 1423 quattuor
1515 1353 1639 1406 ima.

153 1430 244 1485 Nil
266 1429 482 1501 aequale
499 1429 705 1483 homini
725 1428 825 1483 fuit
845 1428 944 1483 illi.
1021 1429 1185 1499 Saepe
1204 1425 1349 1480 velut
1368 1427 1464 1498 qui

153 1505 399 1559 currebat
417 1503 628 1578 fugiens
649 1505 869 1568 hostem,
892 1520 1156 1575 persaepe,
1187 1499 1332 1555 velut
1350 1502 1446 1573 qui
1708 1511 1757 1553 10

153 1581 375 1636 Iunonis
396 1598 539 1635 sacra
561 1579 739 1636 ferret:
782 1579 1007 1633 habebat
1025 1595 1179 1649 saepe
1203 1576 1469 1642 ducentoS,

154 1673 312 1726 saepe
330 1656 507 1709 decem
527 1673 733 1710 servos:
759 1654 914 1708 modo
934 1672 1082 1726 reges
1102 1661 1259 1724 atque
1277 1653 1572 1718 tetrarchaS,

154 1732 336 1785 omnia
357 1748 549 1803 magna
570 1729 817 1802 loquens:
861 1729 1034 1795 modo,
1070 1729 1185 1783 »Sit
1203 1728 1336 1781 mihi
1360 1745 1539 1782 mensa
1558 1729 1649 1781 tri-

1208 1820 1254 1867 ε,
1278 1810 1328 1857 et

152 1880 391 1935 »concha
413 1879 539 1934 salis
561 1880 701 1950 puri,
725 1886 775 1932 et
792 1886 931 1952 toga,
955 1895 1095 1950 quae
1111 1820 1384 1933 dffendere
1401 1877 1587 1951 friguS‚

152 1976 181 2008 »
195 1955 447 2027 quamvis
464 1972 656 2018 crassa,
680 1961 856 2025 queat.
869 1974 895 2006 α
969 1955 1148 2008 Decies
1167 1962 1379 2009 centena
1400 1954 1632 2008 dedisses
1708 1965 1757 2005 15

151 2031 287 2085 huic
306 2045 464 2100 parco
483 2030 665 2099 paucis
684 2035 940 2093 contente,
965 2029 1207 2101 quinque
1227 2029 1414 2084 diebus

151 2104 230 2160 nil
254 2112 365 2157 erat
385 2104 440 2157 in
462 2103 666 2158 loculis.
744 2106 929 2158 Noctes
949 2105 1201 2179 vigilabat
1220 2104 1287 2158 ad
1306 2105 1480 2175 ipsum

151 2196 340 2244 mane;
385 2178 527 2231 diem
546 2186 713 2233 totum
733 2180 992 2234 stertebat.
1072 2179 1159 2233 Nil
1180 2179 1279 2231 fuit
1298 2194 1560 2247 umquam

152 2256 234 2308 sic
254 2255 428 2323 impar
447 2253 570 2306 sibi.
629 2256 785 2308 Nunc
801 2254 997 2326 aliquis
1013 2254 1152 2308 dicat
1170 2251 1332 2305 mihi:
1362 2250 1540 2316 »Quid
1559 2250 1653 2303 tu‘?

152 2328 375 2384 nullane
395 2328 557 2382 habes
583 2327 777 2382 vitia‘?«
795 2360 873 2371 —
909 2332 1079 2383 lmmo
1105 2326 1231 2388 alia,
1264 2324 1407 2378 haud
1439 2324 1651 2378 fortasse

1151 2400 1374 2453 minora.
1705 2410 1756 2452 20

152 2478 400 2535 Maenius
427 2478 694 2531 absentem
723 2479 954 2532 Novium
982 2493 1151 2548 quum
1181 2480 1432 2546 carperet:
1475 2475 1649 2528 »Heus

1149 2557 1226 2614 tu,
1241 2569 1267 2602 «

152 2626 382 2699 quidam
403 2626 491 2690 ait,
507 2647 533 2679 α
554 2627 765 2699 ignoras
786 2625 870 2680 te?
887 2644 973 2688 an,
998 2632 1058 2677 ut
1075 2624 1333 2697 ignotum,
1357 2625 1480 2679 dare
1500 2625 1651 2680 nobis

149 2702 321 2760 verba
339 2700 557 2773 putas‘?«
575 2704 821 2777 »Egomet
836 2706 912 2755 mi
931 2701 1437 2773 ignosco,«Maenius
1455 2701 1649 2771 inquit.
