<?xml version="1.0" encoding="UTF-8"?>
<!DOCTYPE html PUBLIC "-//W3C//DTD XHTML 1.0 Transitional//EN"
    "http://www.w3.org/TR/xhtml1/DTD/xhtml1-transitional.dtd">
<html xmlns="http://www.w3.org/1999/xhtml" xml:lang="en" lang="en">
 <head>
  <title>
</title>
<meta http-equiv="Content-Type" content="text/html;charset=utf-8" />
  <meta name='ocr-system' content='tesseract 3.04.00' />
  <meta name='ocr-capabilities' content='ocr_page ocr_carea ocr_par ocr_line ocrx_word'/>
</head>
<body>
  <div class='ocr_page' id='page_1' title='image "./qhoratiiflaccio02weisgoog_0041.png"; bbox 0 0 2081 3169; ppageno 0'>
   <div class='ocr_carea' id='block_1_1' title="bbox 702 159 1643 208">
    <p class='ocr_par' dir='ltr' id='par_1_1' title="bbox 702 159 1643 208">
     <span class='ocr_line' id='line_1_1' title="bbox 702 159 1643 208; baseline -0.002 -1"><span class='ocrx_word' id='word_1_1' title='bbox 702 164 996 208; x_wconf 88' lang='lat' dir='ltr'>LIBER</span> <span class='ocrx_word' id='word_1_2' title='bbox 1069 165 1113 207; x_wconf 91' lang='lat'><strong>1.</strong></span> <span class='ocrx_word' id='word_1_3' title='bbox 1589 159 1643 206; x_wconf 70' lang='lat'><strong>3¹</strong></span> 
     </span>
    </p>
   </div>
   <div class='ocr_carea' id='block_1_2' title="bbox 132 262 1766 1759">
    <p class='ocr_par' dir='ltr' id='par_1_2' title="bbox 132 262 1766 1759">
     <span class='ocr_line' id='line_1_2' title="bbox 154 262 1325 334; baseline -0.002 -17"><span class='ocrx_word' id='word_1_4' title='bbox 154 265 292 317; x_wconf 83' lang='lat' dir='ltr'><strong>Dant</strong></span> <span class='ocrx_word' id='word_1_5' title='bbox 311 262 441 317; x_wconf 88' lang='lat' dir='ltr'><strong>alios</strong></span> <span class='ocrx_word' id='word_1_6' title='bbox 461 264 501 317; x_wconf 91' lang='lat' dir='ltr'><strong>F</strong></span> <span class='ocrx_word' id='word_1_7' title='bbox 510 264 653 317; x_wconf 87' lang='lat' dir='ltr'><strong>uriae</strong></span> <span class='ocrx_word' id='word_1_8' title='bbox 673 271 819 317; x_wconf 85' lang='lat' dir='ltr'><strong>torvo</strong></span> <span class='ocrx_word' id='word_1_9' title='bbox 837 263 1128 334; x_wconf 83' lang='lat' dir='ltr'><strong>spectacula</strong></span> <span class='ocrx_word' id='word_1_10' title='bbox 1148 265 1325 317; x_wconf 87' lang='lat' dir='ltr'><strong>Marti:</strong></span> 
     </span>
     <span class='ocr_line' id='line_1_3' title="bbox 309 338 1183 393; baseline 0 -2"><span class='ocrx_word' id='word_1_11' title='bbox 309 339 468 393; x_wconf 86' lang='lat' dir='ltr'><strong>exitio</strong></span> <span class='ocrx_word' id='word_1_12' title='bbox 485 347 565 392; x_wconf 87' lang='lat' dir='ltr'><strong>est</strong></span> <span class='ocrx_word' id='word_1_13' title='bbox 587 338 802 393; x_wconf 90' lang='lat' dir='ltr'><strong>avidum</strong></span> <span class='ocrx_word' id='word_1_14' title='bbox 825 356 968 392; x_wconf 85' lang='lat' dir='ltr'><strong>mare</strong></span> <span class='ocrx_word' id='word_1_15' title='bbox 988 339 1183 393; x_wconf 76' lang='lat' dir='ltr'><strong>nautis,</strong></span> 
     </span>
     <span class='ocr_line' id='line_1_4' title="bbox 156 413 1649 468; baseline 0.001 -3"><span class='ocrx_word' id='word_1_16' title='bbox 156 414 321 466; x_wconf 84' lang='lat' dir='ltr'><strong>Mixta</strong></span> <span class='ocrx_word' id='word_1_17' title='bbox 342 431 532 467; x_wconf 86' lang='lat' dir='ltr'><strong>senum</strong></span> <span class='ocrx_word' id='word_1_18' title='bbox 553 431 613 468; x_wconf 90' lang='lat' dir='ltr'><strong>ac</strong></span> <span class='ocrx_word' id='word_1_19' title='bbox 632 414 887 468; x_wconf 89' lang='lat' dir='ltr'><strong>iuvenum</strong></span> <span class='ocrx_word' id='word_1_20' title='bbox 904 413 1188 466; x_wconf 83' lang='lat' dir='ltr'><strong>densentur</strong></span> <span class='ocrx_word' id='word_1_21' title='bbox 1206 414 1414 467; x_wconf 83' lang='lat' dir='ltr'><strong>funera:</strong></span> <span class='ocrx_word' id='word_1_22' title='bbox 1440 414 1649 468; x_wconf 88' lang='lat' dir='ltr'><strong>nullum</strong></span> 
     </span>
     <span class='ocr_line' id='line_1_5' title="bbox 311 486 1762 560; baseline -0.001 -19"><span class='ocrx_word' id='word_1_23' title='bbox 311 506 462 541; x_wconf 85' lang='lat' dir='ltr'><strong>saeva</strong></span> <span class='ocrx_word' id='word_1_24' title='bbox 483 497 641 559; x_wconf 84' lang='lat' dir='ltr'><strong>caput</strong></span> <span class='ocrx_word' id='word_1_25' title='bbox 662 488 969 558; x_wconf 83' lang='lat' dir='ltr'><strong>Proserpina</strong></span> <span class='ocrx_word' id='word_1_26' title='bbox 992 486 1145 560; x_wconf 83' lang='lat' dir='ltr'><strong>sugit.</strong></span> <span class='ocrx_word' id='word_1_27' title='bbox 1711 500 1762 540; x_wconf 82' lang='lat'><strong>20</strong></span> 
     </span>
     <span class='ocr_line' id='line_1_6' title="bbox 156 563 1384 634; baseline -0.001 -19"><span class='ocrx_word' id='word_1_28' title='bbox 156 564 242 615; x_wconf 84' lang='lat' dir='ltr'><strong>Me</strong></span> <span class='ocrx_word' id='word_1_29' title='bbox 259 580 492 634; x_wconf 87' lang='lat' dir='ltr'><strong>quoque,</strong></span> <span class='ocrx_word' id='word_1_30' title='bbox 516 564 705 617; x_wconf 84' lang='lat' dir='ltr'>devexi</span> <span class='ocrx_word' id='word_1_31' title='bbox 726 563 944 633; x_wconf 88' lang='lat' dir='ltr'><strong>rapidus</strong></span> <span class='ocrx_word' id='word_1_32' title='bbox 962 580 1136 616; x_wconf 60' lang='lat' dir='ltr'><strong>comes</strong></span> <span class='ocrx_word' id='word_1_33' title='bbox 1155 563 1384 626; x_wconf 76' lang='lat' dir='ltr'><strong>OrioniS,</strong></span> 
     </span>
     <span class='ocr_line' id='line_1_7' title="bbox 311 637 1116 711; baseline 0 -21"><span class='ocrx_word' id='word_1_34' title='bbox 311 638 536 711; x_wconf 84' lang='lat' dir='ltr'><strong>Illyricis</strong></span> <span class='ocrx_word' id='word_1_35' title='bbox 554 641 720 692; x_wconf 88' lang='lat' dir='ltr'><strong>Notus</strong></span> <span class='ocrx_word' id='word_1_36' title='bbox 739 639 916 692; x_wconf 86' lang='lat' dir='ltr'><strong>obruit</strong></span> <span class='ocrx_word' id='word_1_37' title='bbox 936 637 1116 691; x_wconf 85' lang='lat' dir='ltr'><strong>undiS.</strong></span> 
     </span>
     <span class='ocr_line' id='line_1_8' title="bbox 158 712 1466 785; baseline 0 -19"><span class='ocrx_word' id='word_1_38' title='bbox 158 712 226 766; x_wconf 79' lang='lat' dir='ltr'><strong>At</strong></span> <span class='ocrx_word' id='word_1_39' title='bbox 247 720 324 776; x_wconf 90' lang='lat' dir='ltr'><strong>tu,</strong></span> <span class='ocrx_word' id='word_1_40' title='bbox 347 721 525 777; x_wconf 82' lang='lat' dir='ltr'><strong>nauta,</strong></span> <span class='ocrx_word' id='word_1_41' title='bbox 554 731 716 785; x_wconf 80' lang='lat' dir='ltr'><strong>vagae</strong></span> <span class='ocrx_word' id='word_1_42' title='bbox 735 731 802 766; x_wconf 89' lang='lat' dir='ltr'><strong>ne</strong></span> <span class='ocrx_word' id='word_1_43' title='bbox 821 730 974 782; x_wconf 84' lang='lat' dir='ltr'><strong>paroe</strong></span> <span class='ocrx_word' id='word_1_44' title='bbox 996 712 1261 784; x_wconf 78' lang='lat' dir='ltr'><strong>malignus</strong></span> <span class='ocrx_word' id='word_1_45' title='bbox 1283 731 1466 767; x_wconf 85' lang='lat' dir='ltr'><strong>arenae</strong></span> 
     </span>
     <span class='ocr_line' id='line_1_9' title="bbox 310 787 1065 858; baseline 0 -18"><span class='ocrx_word' id='word_1_46' title='bbox 310 787 521 841; x_wconf 88' lang='lat' dir='ltr'><strong>ossibus</strong></span> <span class='ocrx_word' id='word_1_47' title='bbox 540 796 590 841; x_wconf 88' lang='lat' dir='ltr'><strong>et</strong></span> <span class='ocrx_word' id='word_1_48' title='bbox 609 789 765 858; x_wconf 86' lang='lat' dir='ltr'><strong>capiti</strong></span> <span class='ocrx_word' id='word_1_49' title='bbox 788 788 1065 841; x_wconf 85' lang='lat' dir='ltr'><strong>inhumato</strong></span> 
     </span>
     <span class='ocr_line' id='line_1_10' title="bbox 154 862 1762 934; baseline 0.002 -20"><span class='ocrx_word' id='word_1_50' title='bbox 154 862 471 933; x_wconf 81' lang='lat' dir='ltr'><strong>particulam</strong></span> <span class='ocrx_word' id='word_1_51' title='bbox 493 863 642 916; x_wconf 85' lang='lat' dir='ltr'><strong>dare:</strong></span> <span class='ocrx_word' id='word_1_52' title='bbox 668 863 763 926; x_wconf 85' lang='lat' dir='ltr'><strong>sic,</strong></span> <span class='ocrx_word' id='word_1_53' title='bbox 784 863 1160 934; x_wconf 85' lang='lat' dir='ltr'><strong>quodcumque</strong></span> <span class='ocrx_word' id='word_1_54' title='bbox 1181 863 1467 917; x_wconf 85' lang='lat' dir='ltr'><strong>minabitur</strong></span> <span class='ocrx_word' id='word_1_55' title='bbox 1479 866 1654 918; x_wconf 84' lang='lat' dir='ltr'><strong>Eurus</strong></span> <span class='ocrx_word' id='word_1_56' title='bbox 1713 876 1762 917; x_wconf 80' lang='lat'><strong>25</strong></span> 
     </span>
     <span class='ocr_line' id='line_1_11' title="bbox 311 936 1191 1008; baseline 0 -19"><span class='ocrx_word' id='word_1_57' title='bbox 311 936 560 991; x_wconf 86' lang='lat' dir='ltr'><strong>fluctibus</strong></span> <span class='ocrx_word' id='word_1_58' title='bbox 588 937 866 1008; x_wconf 84' lang='lat' dir='ltr'><strong>HesperiiS‚</strong></span> <span class='ocrx_word' id='word_1_59' title='bbox 894 937 1191 991; x_wconf 79' lang='lat' dir='ltr'><strong>Venusinae</strong></span> 
     </span>
     <span class='ocr_line' id='line_1_12' title="bbox 152 1012 1516 1084; baseline 0.001 -19"><span class='ocrx_word' id='word_1_60' title='bbox 152 1013 452 1084; x_wconf 84' lang='lat' dir='ltr'><strong>plectantur</strong></span> <span class='ocrx_word' id='word_1_61' title='bbox 471 1012 654 1076; x_wconf 88' lang='lat' dir='ltr'><strong>silvae,</strong></span> <span class='ocrx_word' id='word_1_62' title='bbox 680 1021 729 1065; x_wconf 89' lang='lat' dir='ltr'><strong>te</strong></span> <span class='ocrx_word' id='word_1_63' title='bbox 749 1012 942 1082; x_wconf 83' lang='lat' dir='ltr'><strong>sospite</strong></span> <span class='ocrx_word' id='word_1_64' title='bbox 963 1029 973 1062; x_wconf 93' lang='lat'>:</span> <span class='ocrx_word' id='word_1_65' title='bbox 1012 1012 1282 1084; x_wconf 84' lang='lat' dir='ltr'><strong>multaque</strong></span> <span class='ocrx_word' id='word_1_66' title='bbox 1306 1032 1516 1078; x_wconf 71' lang='lat' dir='ltr'><strong>merces,</strong></span> 
     </span>
     <span class='ocr_line' id='line_1_13' title="bbox 311 1086 1175 1158; baseline 0 -18"><span class='ocrx_word' id='word_1_67' title='bbox 311 1087 454 1141; x_wconf 88' lang='lat' dir='ltr'><strong>unde</strong></span> <span class='ocrx_word' id='word_1_68' title='bbox 472 1096 655 1158; x_wconf 83' lang='lat' dir='ltr'><strong>potest,</strong></span> <span class='ocrx_word' id='word_1_69' title='bbox 683 1088 775 1141; x_wconf 87' lang='lat' dir='ltr'><strong>tibi</strong></span> <span class='ocrx_word' id='word_1_70' title='bbox 793 1086 985 1141; x_wconf 84' lang='lat' dir='ltr'><strong>defluat</strong></span> <span class='ocrx_word' id='word_1_71' title='bbox 1007 1105 1175 1158; x_wconf 86' lang='lat' dir='ltr'><strong>aequo</strong></span> 
     </span>
     <span class='ocr_line' id='line_1_14' title="bbox 153 1163 1368 1249; baseline -0.003 -31"><span class='ocrx_word' id='word_1_72' title='bbox 153 1164 224 1218; x_wconf 89' lang='lat' dir='ltr'><strong>ab</strong></span> <span class='ocrx_word' id='word_1_73' title='bbox 245 1165 369 1217; x_wconf 92' lang='lat' dir='ltr'><strong>Iove</strong></span> <span class='ocrx_word' id='word_1_74' title='bbox 389 1164 738 1247; x_wconf 80' lang='lat' dir='ltr'><strong>Neptunoque</strong></span> <span class='ocrx_word' id='word_1_75' title='bbox 755 1163 886 1215; x_wconf 85' lang='lat' dir='ltr'><strong>sacri</strong></span> <span class='ocrx_word' id='word_1_76' title='bbox 908 1163 1121 1215; x_wconf 80' lang='lat' dir='ltr'><strong>custode</strong></span> <span class='ocrx_word' id='word_1_77' title='bbox 1143 1163 1368 1249; x_wconf 77' lang='lat' dir='ltr'><strong>Tarenti</strong></span> 
     </span>
     <span class='ocr_line' id='line_1_15' title="bbox 313 1237 1764 1310; baseline 0.001 -21"><span class='ocrx_word' id='word_1_78' title='bbox 313 1237 551 1310; x_wconf 78' lang='lat' dir='ltr'><strong>Negligis</strong></span> <span class='ocrx_word' id='word_1_79' title='bbox 576 1237 852 1290; x_wconf 87' lang='lat' dir='ltr'><strong>immeritis</strong></span> <span class='ocrx_word' id='word_1_80' title='bbox 880 1237 1170 1291; x_wconf 86' lang='lat' dir='ltr'><strong>nocituram</strong></span> <span class='ocrx_word' id='word_1_81' title='bbox 1714 1249 1764 1291; x_wconf 86' lang='lat'><strong>30</strong></span> 
     </span>
     <span class='ocr_line' id='line_1_16' title="bbox 150 1310 1523 1386; baseline -0.001 -20"><span class='ocrx_word' id='word_1_82' title='bbox 150 1313 434 1386; x_wconf 88' lang='lat' dir='ltr'><strong>postmodo</strong></span> <span class='ocrx_word' id='word_1_83' title='bbox 454 1320 502 1365; x_wconf 84' lang='lat' dir='ltr'><strong>te</strong></span> <span class='ocrx_word' id='word_1_84' title='bbox 522 1312 657 1365; x_wconf 88' lang='lat' dir='ltr'><strong>natis</strong></span> <span class='ocrx_word' id='word_1_85' title='bbox 677 1310 915 1365; x_wconf 83' lang='lat' dir='ltr'><strong>fraudem</strong></span> <span class='ocrx_word' id='word_1_86' title='bbox 933 1312 1288 1366; x_wconf 68' lang='lat' dir='ltr'><strong>committere?</strong></span> <span class='ocrx_word' id='word_1_87' title='bbox 1327 1313 1452 1364; x_wconf 85' lang='lat' dir='ltr'><strong>Fors</strong></span> <span class='ocrx_word' id='word_1_88' title='bbox 1474 1321 1523 1364; x_wconf 88' lang='lat' dir='ltr'><strong>et</strong></span> 
     </span>
     <span class='ocr_line' id='line_1_17' title="bbox 309 1386 1161 1457; baseline 0 -18"><span class='ocrx_word' id='word_1_89' title='bbox 309 1387 520 1443; x_wconf 81' lang='lat' dir='ltr'><strong>debita</strong></span> <span class='ocrx_word' id='word_1_90' title='bbox 506 1405 620 1439; x_wconf 84' lang='lat' dir='ltr'><strong>lura</strong></span> <span class='ocrx_word' id='word_1_91' title='bbox 643 1386 887 1457; x_wconf 80' lang='lat' dir='ltr'><strong>vicesque</strong></span> <span class='ocrx_word' id='word_1_92' title='bbox 906 1388 1161 1457; x_wconf 78' lang='lat' dir='ltr'><strong>superbae</strong></span> 
     </span>
     <span class='ocr_line' id='line_1_18' title="bbox 150 1460 1576 1532; baseline -0.003 -14"><span class='ocrx_word' id='word_1_93' title='bbox 150 1474 203 1518; x_wconf 88' lang='lat' dir='ltr'><strong>tc</strong></span> <span class='ocrx_word' id='word_1_94' title='bbox 226 1469 475 1516; x_wconf 85' lang='lat' dir='ltr'><strong>maneant</strong></span> <span class='ocrx_word' id='word_1_95' title='bbox 497 1462 701 1531; x_wconf 86' lang='lat' dir='ltr'><strong>ipsum:</strong></span> <span class='ocrx_word' id='word_1_96' title='bbox 743 1462 987 1532; x_wconf 87' lang='lat' dir='ltr'><strong>precibus</strong></span> <span class='ocrx_word' id='word_1_97' title='bbox 1009 1479 1114 1515; x_wconf 90' lang='lat' dir='ltr'><strong>non</strong></span> <span class='ocrx_word' id='word_1_98' title='bbox 1137 1462 1348 1531; x_wconf 82' lang='lat' dir='ltr'><strong>linquar</strong></span> <span class='ocrx_word' id='word_1_99' title='bbox 1371 1460 1576 1529; x_wconf 72' lang='lat' dir='ltr'><strong>inultis:</strong></span> 
     </span>
     <span class='ocr_line' id='line_1_19' title="bbox 309 1535 1162 1610; baseline -0.004 -18"><span class='ocrx_word' id='word_1_100' title='bbox 309 1546 467 1610; x_wconf 90' lang='lat' dir='ltr'><strong>teque</strong></span> <span class='ocrx_word' id='word_1_101' title='bbox 488 1535 693 1608; x_wconf 84' lang='lat' dir='ltr'><strong>piacula</strong></span> <span class='ocrx_word' id='word_1_102' title='bbox 713 1536 858 1592; x_wconf 84' lang='lat' dir='ltr'><strong>nulla</strong></span> <span class='ocrx_word' id='word_1_103' title='bbox 885 1536 1162 1591; x_wconf 87' lang='lat' dir='ltr'><strong>resolvent.</strong></span> 
     </span>
     <span class='ocr_line' id='line_1_20' title="bbox 152 1611 1766 1685; baseline -0.002 -16"><span class='ocrx_word' id='word_1_104' title='bbox 152 1616 501 1685; x_wconf 83' lang='lat' dir='ltr'><strong>Quamquam</strong></span> <span class='ocrx_word' id='word_1_105' title='bbox 521 1611 751 1675; x_wconf 76' lang='lat' dir='ltr'><strong>festinaS,</strong></span> <span class='ocrx_word' id='word_1_106' title='bbox 778 1631 882 1667; x_wconf 90' lang='lat' dir='ltr'><strong>non</strong></span> <span class='ocrx_word' id='word_1_107' title='bbox 901 1621 978 1666; x_wconf 87' lang='lat' dir='ltr'><strong>est</strong></span> <span class='ocrx_word' id='word_1_108' title='bbox 998 1631 1143 1667; x_wconf 89' lang='lat' dir='ltr'><strong>mora</strong></span> <span class='ocrx_word' id='word_1_109' title='bbox 1165 1612 1345 1684; x_wconf 80' lang='lat' dir='ltr'><strong>longa:</strong></span> <span class='ocrx_word' id='word_1_110' title='bbox 1392 1611 1565 1672; x_wconf 75' lang='lat' dir='ltr'><strong>licebit</strong></span> <span class='ocrx_word' id='word_1_111' title='bbox 1716 1622 1766 1665; x_wconf 81' lang='lat'><strong>35</strong></span> 
     </span>
     <span class='ocr_line' id='line_1_21' title="bbox 132 1683 1057 1759; baseline -0.002 -17"><span class='ocrx_word' id='word_1_112' title='bbox 132 1683 135 1686; x_wconf 52' lang='grc'>’</span> <span class='ocrx_word' id='word_1_113' title='bbox 309 1689 502 1743; x_wconf 85' lang='lat' dir='ltr'><strong>iniecto</strong></span> <span class='ocrx_word' id='word_1_114' title='bbox 522 1696 597 1741; x_wconf 89' lang='lat' dir='ltr'><strong>ter</strong></span> <span class='ocrx_word' id='word_1_115' title='bbox 614 1688 833 1759; x_wconf 88' lang='lat' dir='ltr'><strong>pulvere</strong></span> <span class='ocrx_word' id='word_1_116' title='bbox 856 1705 1057 1742; x_wconf 77' lang='lat' dir='ltr'><strong>curras,</strong></span> 
     </span>
    </p>
   </div>
   <div class='ocr_carea' id='block_1_3' title="bbox 562 1943 1261 2112">
    <p class='ocr_par' dir='ltr' id='par_1_3' title="bbox 562 1943 1261 2112">
     <span class='ocr_line' id='line_1_22' title="bbox 562 1943 1261 1998; baseline 0 0"><span class='ocrx_word' id='word_1_117' title='bbox 562 1945 610 1998; x_wconf 84' lang='lat'>0</span> <span class='ocrx_word' id='word_1_118' title='bbox 671 1945 732 1998; x_wconf 91' lang='lat' dir='ltr'>D</span> <span class='ocrx_word' id='word_1_119' title='bbox 792 1945 845 1998; x_wconf 89' lang='lat' dir='ltr'><strong>E</strong></span> <span class='ocrx_word' id='word_1_120' title='bbox 966 1943 1261 1998; x_wconf 86' lang='lat' dir='ltr'><strong>XXIX.</strong></span> 
     </span>
     <span class='ocr_line' id='line_1_23' title="bbox 644 2069 1181 2112; baseline -0.002 0"><span class='ocrx_word' id='word_1_121' title='bbox 644 2071 750 2112; x_wconf 79' lang='lat' dir='ltr'><strong>An</strong></span> <span class='ocrx_word' id='word_1_122' title='bbox 823 2069 1181 2112; x_wconf 83' lang='lat' dir='ltr'>ICCIUM.</span> 
     </span>
    </p>
   </div>
   <div class='ocr_carea' id='block_1_4' title="bbox 750 2186 1086 2195">
    <p class='ocr_par' dir='ltr' id='par_1_4' title="bbox 750 2186 1086 2195">
     <span class='ocr_line' id='line_1_24' title="bbox 750 2186 1086 2195; baseline 0 974"><span class='ocrx_word' id='word_1_123' title='bbox 750 2186 1086 2195; x_wconf 95' lang='lat' dir='ltr'><strong> </strong></span> 
     </span>
    </p>
   </div>
   <div class='ocr_carea' id='block_1_5' title="bbox 190 2273 1616 2386">
    <p class='ocr_par' dir='ltr' id='par_1_5' title="bbox 190 2273 1616 2386">
     <span class='ocr_line' id='line_1_25' title="bbox 190 2273 1616 2324; baseline -0.005 -7"><span class='ocrx_word' id='word_1_124' title='bbox 190 2279 357 2319; x_wconf 85' lang='lat' dir='ltr'><strong>Iccium</strong></span> <span class='ocrx_word' id='word_1_125' title='bbox 377 2276 564 2318; x_wconf 73' lang='lat' dir='ltr'><strong>miratur,</strong></span> <span class='ocrx_word' id='word_1_126' title='bbox 585 2276 707 2324; x_wconf 83' lang='lat' dir='ltr'><strong>quod,</strong></span> <span class='ocrx_word' id='word_1_127' title='bbox 727 2275 867 2312; x_wconf 74' lang='lat' dir='ltr'><strong>relicta</strong></span> <span class='ocrx_word' id='word_1_128' title='bbox 885 2274 1158 2323; x_wconf 79' lang='lat' dir='ltr'><strong>philosophia,</strong></span> <span class='ocrx_word' id='word_1_129' title='bbox 1180 2276 1228 2311; x_wconf 80' lang='lat' dir='ltr'><strong>ad</strong></span> <span class='ocrx_word' id='word_1_130' title='bbox 1249 2276 1396 2313; x_wconf 76' lang='lat' dir='ltr'><strong>bellum</strong></span> <span class='ocrx_word' id='word_1_131' title='bbox 1417 2273 1616 2323; x_wconf 80' lang='lat' dir='ltr'><strong>proficisci</strong></span> 
     </span>
     <span class='ocr_line' id='line_1_26' title="bbox 689 2339 1125 2386; baseline -0.002 -12"><span class='ocrx_word' id='word_1_132' title='bbox 689 2344 816 2386; x_wconf 82' lang='lat' dir='ltr'><strong>paret.</strong></span> <span class='ocrx_word' id='word_1_133' title='bbox 865 2341 988 2376; x_wconf 80' lang='lat' dir='ltr'><strong>Metr.</strong></span> <span class='ocrx_word' id='word_1_134' title='bbox 1008 2339 1125 2375; x_wconf 86' lang='lat' dir='ltr'>XVI.</span> 
     </span>
    </p>
   </div>
   <div class='ocr_carea' id='block_1_6' title="bbox 225 2433 1202 2644">
    <p class='ocr_par' dir='ltr' id='par_1_6' title="bbox 225 2433 1202 2644">
     <span class='ocr_line' id='line_1_27' title="bbox 225 2433 1202 2503; baseline -0.005 -7"><span class='ocrx_word' id='word_1_135' title='bbox 225 2433 365 2503; x_wconf 84' lang='lat' dir='ltr'><strong>Icei,</strong></span> <span class='ocrx_word' id='word_1_136' title='bbox 388 2439 556 2493; x_wconf 87' lang='lat' dir='ltr'><strong>beatis</strong></span> <span class='ocrx_word' id='word_1_137' title='bbox 576 2456 720 2493; x_wconf 85' lang='lat' dir='ltr'><strong>nunc</strong></span> <span class='ocrx_word' id='word_1_138' title='bbox 738 2437 973 2493; x_wconf 60' lang='lat' dir='ltr'><strong>krabum</strong></span> <span class='ocrx_word' id='word_1_139' title='bbox 994 2438 1202 2492; x_wconf 88' lang='lat' dir='ltr'><strong>invides</strong></span> 
     </span>
     <span class='ocr_line' id='line_1_28' title="bbox 225 2514 1105 2589; baseline -0.005 -20"><span class='ocrx_word' id='word_1_140' title='bbox 225 2515 403 2589; x_wconf 82' lang='lat' dir='ltr'><strong>gaziS‚</strong></span> <span class='ocrx_word' id='word_1_141' title='bbox 426 2520 476 2567; x_wconf 88' lang='lat' dir='ltr'><strong>et</strong></span> <span class='ocrx_word' id='word_1_142' title='bbox 496 2531 666 2568; x_wconf 86' lang='lat' dir='ltr'><strong>aerem</strong></span> <span class='ocrx_word' id='word_1_143' title='bbox 690 2514 934 2567; x_wconf 88' lang='lat' dir='ltr'><strong>militiam</strong></span> <span class='ocrx_word' id='word_1_144' title='bbox 951 2531 1105 2583; x_wconf 89' lang='lat' dir='ltr'><strong>paras</strong></span> 
     </span>
     <span class='ocr_line' id='line_1_29' title="bbox 313 2589 1044 2644; baseline -0.003 -1"><span class='ocrx_word' id='word_1_145' title='bbox 313 2606 420 2643; x_wconf 87' lang='lat' dir='ltr'><strong>non</strong></span> <span class='ocrx_word' id='word_1_146' title='bbox 441 2597 561 2643; x_wconf 90' lang='lat' dir='ltr'><strong>ante</strong></span> <span class='ocrx_word' id='word_1_147' title='bbox 579 2589 798 2644; x_wconf 83' lang='lat' dir='ltr'><strong>devictis</strong></span> <span class='ocrx_word' id='word_1_148' title='bbox 818 2589 1044 2642; x_wconf 83' lang='lat' dir='ltr'><strong>Sabaeae</strong></span> 
     </span>
    </p>
   </div>
   <div class='ocr_carea' id='block_1_7' title="bbox 390 2660 1850 2900">
    <p class='ocr_par' dir='ltr' id='par_1_7' title="bbox 390 2660 1850 2900">
     <span class='ocr_line' id='line_1_30' title="bbox 390 2660 1850 2900; baseline -0.005 -183"><span class='ocrx_word' id='word_1_149' title='bbox 390 2663 624 2738; x_wconf 73' lang='lat' dir='ltr'><strong>regibu8‚</strong></span> <span class='ocrx_word' id='word_1_150' title='bbox 648 2663 996 2735; x_wconf 86' lang='lat' dir='ltr'><strong>horribilique</strong></span> <span class='ocrx_word' id='word_1_151' title='bbox 1012 2660 1165 2716; x_wconf 86' lang='lat' dir='ltr'><strong>Medo</strong></span> <span class='ocrx_word' id='word_1_152' title='bbox 1635 2685 1850 2900; x_wconf 52' lang='grc' dir='ltr'><strong>Γ,</strong></span> 
     </span>
    </p>
   </div>
  </div>
 </body>
</html>
