2081 3169
485 237 584 289 246
945 242 1506 293 EPISTOLARUM

692 471 1442 529 ,EPISTOLA
1535 473 1665 528 vl.

920 591 1023 635 An
1084 590 1548 635 Nunnclum.

556 800 760 836 Summum
780 809 861 834 ene
880 797 922 834 in
940 797 1216 847 philosophia,
1236 804 1282 835 ut
1300 799 1413 836 nulla
1432 811 1474 835 re
1492 809 1730 847 magnopere
1753 810 1983 839 moveamur

486 859 740 910 (ἀταραξίαν)
760 868 827 897 aut
849 861 953 898 iusto
979 861 1166 911 cupidius
1184 861 1262 899 hoc
1281 863 1345 899 vel
1364 861 1472 900 illud
1489 869 1708 909 uectemur3
1733 866 1842 912 quod
1859 878 1979 913 prae-

488 934 645 975 ceptum
667 924 736 974 qui
756 925 868 974 acqui
889 939 967 962 non
989 926 1146 974 possint
1164 933 1232 964 aut
1252 926 1397 970 velint,
1417 939 1482 963 eos
1502 925 1658 963 ironice
1675 927 1859 964 omnibus
1870 929 1981 966 vitiis

486 989 823 1042 cupidinibusque
841 990 1015 1026 mandat.

542 1080 663 1144 ‘Nil
685 1089 954 1155 admirari,
978 1107 1141 1161 prope
1161 1107 1243 1144 res
1261 1097 1340 1144 est
1363 1107 1490 1155 una,
1519 1091 1752 1155 Numici,

490 1165 723 1236 solaque,
748 1183 885 1236 quae
904 1166 1071 1236 possit
1089 1165 1255 1220 faeere
1279 1173 1330 1219 et
1346 1183 1554 1219 servare
1571 1165 1805 1219 beatum.

487 1242 640 1294 Hunc
660 1239 821 1294 solem
843 1250 893 1294 et
911 1240 1088 1294 stellas
1108 1249 1159 1294 et
1175 1241 1476 1295 decedentia
1494 1240 1645 1294 certis

487 1323 718 1386 tempora
740 1317 1018 1370 momentis
1038 1324 1165 1370 sunt
1184 1316 1280 1388 qui
1300 1315 1580 1369 formidine
1600 1314 1748 1370 nulla

380 1403 404 1444 5
488 1391 680 1444 imbuti
701 1399 960 1461 spectant:
1004 1391 1138 1462 quid
1158 1409 1338 1445 censes
1360 1408 1578 1445 munera
1597 1390 1800 1444 terrae‘?

487 1466 621 1538 quid
640 1467 802 1520 maris
822 1476 1083 1520 extremos
1101 1467 1301 1520 Arabas
1320 1466 1534 1520 ditantis
1552 1473 1601 1519 et
1621 1464 1817 1520 Indos?

488 1541 688 1597 ludicra
711 1542 861 1614 quid,
885 1541 1107 1613 plausus
1127 1549 1178 1597 et
1200 1542 1354 1597 amici
1380 1542 1515 1596 dona
1538 1541 1761 1608 Quiritis

489 1636 598 1689 quo
618 1618 895 1689 spectanda
908 1617 1092 1683 modo,
1116 1635 1225 1689 quo
1244 1636 1405 1691 sensu
1424 1617 1665 1671 crediset
1688 1617 1813 1672 ore‘?

489 1694 592 1760 Qui
620 1696 769 1747 timet
787 1694 872 1747 his
890 1693 1127 1757 adversa,
1152 1692 1257 1747 fere
1275 1694 1496 1747 miratur
1520 1692 1721 1758 eodem,

381 1781 433 1823 10
491 1787 599 1841 quo
617 1769 855 1839 cupienS,
879 1776 1055 1839 pact03
1099 1785 1262 1839 pavor
1280 1776 1358 1822 est
1375 1768 1660 1839 utrobique
1679 1768 1956 1833 molestuS,

490 1845 777 1916 improvisa
794 1844 956 1898 simul
975 1844 1173 1914 species
1192 1851 1414 1898 exterret
1432 1852 1740 1914 utrumque.

492 1919 728 1974 Gaudeat
746 1938 813 1973 an
835 1918 1021 1983 doleat,
1046 1919 1222 1989 cupiat
1241 1926 1521 1982 metuatve,
1545 1917 1679 1989 quid
1700 1918 1768 1972 ad
1790 1937 1928 1985 rem,

492 1996 557 2058 si,
581 1994 847 2066 quidquid
871 1994 1003 2048 vidit
1023 1994 1215 2047 melius
1234 1994 1495 2066 peiusque
1519 2011 1616 2047 sua
1637 2010 1749 2063 spe,

491 2070 680 2124 defixis
701 2069 885 2135 oculis·‚
911 2070 1194 2141 animoque
1211 2077 1261 2122 et
1279 2086 1492 2141 corpore
1505 2067 1708 2139 torpet?
1844 2079 1869 2089 ‘

383 2158 434 2200 15
490 2146 668 2202 Insani
688 2145 897 2216 sapiens
918 2162 1110 2199 nomen
1130 2143 1275 2210 serat,
1307 2162 1510 2216 aequus
1531 2143 1726 2215 iniqui,

492 2221 647 2286 ultra,
672 2238 834 2292 quam
859 2221 984 2274 satis
1003 2227 1100 2284 est,
1133 2220 1378 2274 virtutem
1399 2220 1446 2273 si
1471 2226 1611 2291 petat
1631 2219 1829 2289 ipsam.

492 2300 514 2351 I
535 2314 695 2361 nune,
729 2303 1006 2368 argentum
1034 2303 1086 2349 et
1113 2312 1344 2349 marmor
1359 2302 1509 2350 vetus
1534 2298 1763 2365 aeraque
1780 2302 1834 2347 et
1861 2300 1991 2347 artes

493 2373 719 2443 suspice,
745 2388 867 2425 cum
887 2372 1116 2444 gemmis
1137 2371 1324 2444 Tyrios
1343 2370 1537 2424 mirare
1560 2368 1790 2424 colores:

491 2447 682 2521 gaude,
708 2446 850 2518 quod
872 2453 1105 2518 spectant
1123 2445 1262 2501 oculi
1282 2454 1333 2500 te
1353 2445 1501 2500 mille
1519 2444 1858 2516 loquentem;

383 2535 435 2579 20
493 2541 702 2600 gnavus
724 2539 878 2576 mane
902 2520 1077 2577 forum
1097 2530 1147 2576 et
1167 2522 1496 2594 vespertinus
1517 2529 1633 2592 pete
1657 2528 1879 2583 tectum,

495 2615 559 2652 ne
578 2598 700 2669 plus
721 2596 969 2652 frumenti
990 2596 1255 2652 dotalibus
1275 2605 1463 2652 emetat
1488 2596 1630 2669 agris

493 2674 691 2736 MutuS,
716 2680 766 2726 et
784 2704 858 2712 —
878 2673 1183 2746 indignum,
1213 2673 1358 2744 quod
1378 2673 1447 2726 sit
1463 2671 1735 2744 peioribus
1756 2679 1908 2727 ortus
1924 2693 1993 2708 -·

336 2776 457 2849 Ἃ
494 2746 584 2801 hic
604 2747 700 2800 tibi
721 2747 790 2799 sit
807 2747 1001 2817 potius,
1025 2765 1195 2820 quain
1211 2755 1270 2803 tu
1289 2747 1550 2803 mirabilis
1571 2745 1672 2801 illi.
