2081 3169
684 225 991 272 LIBER
1063 229 1169 276 111.

322 332 371 380 et
388 323 538 380 stella
559 327 741 381 vesani
753 326 969 391 Leoni&

395 401 504 454 sole
522 401 635 455 dies
654 400 904 455 referente
921 401 1107 458 siccos,

246 499 356 552 Iam
373 506 550 570 pastor
567 500 786 553 umbras
805 518 929 554 eum
949 520 1108 575 grege
1135 503 1384 577 languido

246 573 531 644 rivumque
550 574 719 628 fessus
740 576 945 646 quaerit
969 585 1019 630 et
1044 579 1242 633 horridi

320 647 531 702 dumeta
551 649 752 703 Silvani
768 668 780 717 ;
822 659 1067 722 caretque

393 725 509 794 ripa
526 725 677 796 vagis
696 725 951 779 taciturna
971 727 1164 783 ventis·

244 825 343 890 Tu,
365 826 627 881 civitatem
647 829 771 899 quis
791 829 966 883 deceat
984 839 1168 897 status,

243 915 413 966 curaS‚
439 909 489 954 et
512 902 634 956 Urbi
654 903 909 958 sollicitus
931 906 1102 971 timeS‚

317 975 450 1046 quid
470 975 619 1030 Seres
638 984 688 1031 et
707 987 916 1052 regnata
936 980 1075 1054 Cyro

391 1050 572 1104 Bactra
588 1061 787 1123 parent,
813 1055 1110 1128 Tanaisque
1129 1057 1348 1115 discors,

243 1156 480 1211 Prudens
499 1158 664 1214 futuri
683 1163 930 1232 temporis
949 1166 1152 1219 exitum

240 1230 525 1304 caliginosa
546 1243 691 1289 nocte
710 1239 900 1307 premit
916 1239 1046 1292 deus
1061 1259 1074 1308 3

314 1307 570 1378 ridetque,
594 1311 641 1363 si
662 1312 894 1365 mortalis
913 1314 1048 1368 ultra

388 1380 467 1436 fas
487 1385 723 1455 trepidat.
803 1386 950 1453 Quod
973 1389 1135 1456 adest,
1160 1400 1419 1447 memento

237 1505 547 1560 componere
565 1510 792 1565 aequus:
836 1503 1001 1551 cetera
1020 1497 1258 1553 fluminis

235 1564 341 1618 ritu
362 1563 619 1633 feruntur,
645 1587 789 1624 nunc
808 1571 981 1626 medio
1000 1572 1148 1628 alveo

310 1657 431 1694 cum
453 1659 578 1712 pace
597 1644 885 1699 delabentis
901 1649 1186 1702 Etruscum

384 1734 441 1770 m
468 1735 627 1782 mare,
654 1737 797 1774 nuno
817 1720 1015 1792 lapides
1042 1723 1223 1777 adesos

234 1823 529 1895 stirpesque
549 1833 719 1897 raptas
740 1835 788 1881 et
805 1845 967 1898 pecus
986 1837 1035 1882 et
1054 1830 1236 1884 domos

231 1898 492 1952 volventis
512 1919 636 1963 una,
664 1919 767 1956 non
789 1904 903 1957 sine
924 1905 1183 1958 montium

308 1972 534 2028 clamore
554 1976 863 2049 vicinaeque
881 1979 1063 2043 silvae,

383 2067 553 2120 quum
573 2050 679 2105 fera
697 2052 927 2108 diluvies
945 2054 1151 2125 quietos

229 2156 397 2211 irritat
416 2176 616 2213 amnes.
697 2160 789 2214 Ille
807 2170 988 2231 potens
1008 2161 1094 2216 sui

228 2231 502 2303 laetusque
522 2234 690 2307 deget,
716 2237 800 2289 cui
825 2236 940 2290 licet
961 2237 1014 2290 in
1035 2237 1177 2291 diem
1270 2239 1276 2245 ’

299 2306 527 2363 dixisse:
571 2311 711 2363 vixi!
756 2311 882 2365 Cras
906 2310 985 2365 vel
1006 2320 1113 2366 atra

323 2405 328 2410 ·
378 2384 519 2437 nube
537 2384 719 2455 polum
740 2387 888 2440 Pater
908 2395 1172 2457 occupate,

224 2488 306 2545 vel
331 2490 438 2544 sole
457 2509 616 2561 puro:
661 2510 765 2547 non
790 2497 958 2549 tamen
983 2497 1209 2561 irritum,

220 2566 599 2638 quodcumque
618 2577 751 2623 retro
768 2571 861 2633 est,
887 2570 1100 2636 efficiet3
1144 2588 1315 2642 neque

295 2640 538 2713 diffinget
559 2643 914 2715 infectumque
936 2646 1129 2708 reddet,

371 2717 517 2787 quod
535 2717 746 2792 fugiens
764 2720 926 2774 semel
946 2721 1073 2774 hora
1093 2720 1255 2775 vexit.

1571 230 1669 284 ⁴05

1723 422 1775 466 20

1720 853 1771 896 25

1712 1258 1764 1302 30

1712 1665 1762 1708 35

1708 2067 1759 2113 40

1703 2504 1756 2550 45

1590 2811 1815 2990 s
