2081 3169
638 217 781 265 LIB.
818 219 886 264 Π.
952 219 1116 268 8ΑΤ.
1155 220 1249 270 Iv.
1578 219 1684 276 2⁴7

575 460 1075 520 SATYRA
1165 463 1289 519 IV.

255 708 416 747 Derieis
453 707 498 746 in
533 707 730 757 superiori
767 714 897 757 satyra
922 705 1086 751 stoicis,
1123 707 1167 745 in
1197 707 1272 746 hac
1307 709 1356 747 de
1386 708 1677 759 Epicureorum

184 773 373 812 doctrina
399 772 546 822 agitur,
574 778 614 809 et
639 772 687 809 ab
713 770 826 811 catio
852 771 1023 821 quodam
1048 772 1236 821 anonymi
1262 772 1466 811 cuiusdam
1481 775 1677 824 Epicurei

184 840 235 875 de
263 836 395 887 epulis
420 836 609 885 vinisque
629 839 668 872 et
685 833 853 884 reliquia
879 835 930 871 ad
947 834 1164 882 elegantem
1189 834 1539 888 delicatioremque
1557 841 1677 878 vitam

182 908 294 939 recte
306 900 499 948 eligendis
518 904 728 949 praecepta
746 897 991 936 referuntur.

261 989 410 1053 Hon.
442 996 587 1051 Unde
625 1006 676 1052 et
713 1016 822 1071 quo
855 997 1073 1054 Catius?
1127 1017 1237 1054 cn.
1277 1001 1393 1055 Non
1433 1011 1511 1056 est
1547 1005 1676 1058 mihi

1174 1082 1383 1147 tempus
1406 1080 1578 1132 aventi

181 1164 385 1222 ponere
402 1148 553 1221 signa
574 1148 726 1203 novis
744 1150 1048 1220 praeceptis,
1073 1148 1250 1222 qualia
1271 1152 1485 1207 vineant

185 1224 522 1299 Pythagoran
541 1222 624 1278 An
687 1224 810 1295 ique
828 1240 977 1278 reum
998 1224 1316 1299 doctumque
1334 1228 1566 1284 Platona.

185 1319 307 1354 non.
332 1300 604 1353 Peccatum
651 1300 806 1364 fateor,
827 1316 999 1372 quum
1018 1307 1069 1354 te
1087 1300 1165 1356 sio
1182 1309 1416 1374 tempore
1437 1304 1584 1359 laevo

183 1372 592 1445 interpellarim:
636 1374 728 1428 sed
747 1373 838 1428 des
856 1375 1067 1428 veniam
1087 1376 1279 1441 bonne,
1309 1395 1418 1431 oro.
1769 1391 1791 1432 5

184 1449 391 1516 Quodsi
411 1447 729 1503 interciderit
746 1449 842 1503 tibi
862 1466 1008 1504 nune
1030 1449 1252 1522 aliquid,
1282 1458 1480 1521 repetes
1499 1469 1643 1516 mox,

183 1526 303 1580 sive
322 1531 400 1579 est
415 1531 631 1579 naturae
649 1523 748 1579 hoe
765 1524 878 1578 sive
898 1525 1040 1591 artis,
1065 1525 1235 1578 mirus
1259 1532 1502 1599 utroque.

183 1619 300 1656 cu.
329 1600 471 1667 Quin
491 1599 548 1654 id
565 1608 674 1654 erat
692 1617 865 1665 curae,
889 1618 998 1674 quo
1016 1607 1168 1672 paeto
1187 1597 1373 1655 cuneta
1391 1609 1638 1669 tenerem,

182 1684 368 1747 utpote
388 1693 470 1730 res
491 1682 690 1741 tenues,
713 1676 860 1730 tenui
879 1693 1120 1730 sermone
1137 1684 1390 1747 peractas

184 1770 308 1806 non.
334 1750 447 1805 Ede
473 1750 705 1805 hominis
741 1768 962 1807 nomen:
1012 1750 1174 1805 simul
1209 1758 1284 1815 et,
1319 1751 1587 1807 Romanus
1618 1773 1681 1808 an

1174 1826 1383 1899 hospes.
1744 1841 1793 1881 10

186 1919 302 1957 cAr.
330 1903 449 1972 Ipsa
467 1917 668 1956 memor
686 1908 954 1972 praecepta
980 1918 1184 1967 canam,
1214 1904 1467 1958 celabitur
1486 1912 1680 1959 auctor.

185 1979 375 2049 Longa
393 1976 592 2048 quibus
612 1974 768 2030 facies
788 1976 904 2030 ovis
924 1977 1038 2041 erit,
1066 1976 1153 2032 illa
1173 1987 1451 2045 memento,

183 2059 248 2107 ut
270 2051 415 2105 succi
435 2051 664 2106 melioris
684 2058 735 2106 et
753 2058 811 2105 ut
831 2052 1002 2125 magis
1023 2052 1162 2109 alma
1181 2055 1439 2120 rotundiS‚

184 2143 411 2199 ponere:
453 2143 685 2199 namque
704 2142 903 2182 marem
920 2128 1166 2182 cohibent
1182 2130 1372 2183 callosa
1395 2127 1653 2183 vitellum.

185 2201 355 2257 Caule
374 2201 697 2266 subm-ham,
721 2203 817 2274 qui
837 2203 990 2257 siccis
1015 2204 1178 2257 erevit
1195 2204 1249 2256 in
1272 2203 1413 2275 agris
1742 2211 1791 2251 15

185 2276 424 2331 dulcior:
465 2276 667 2350 irriguo
692 2276 827 2331 nihil
852 2285 930 2332 est
947 2277 1143 2332 elutius
1163 2277 1331 2329 horto.

185 2352 246 2406 Si
267 2351 600 2421 vespertinus
621 2352 796 2407 subito
817 2360 864 2406 te
883 2352 1197 2424 oppresserit
1214 2351 1422 2420 hospeS,

186 2444 258 2480 ne
277 2425 477 2498 gallina
501 2426 703 2480 malum
727 2434 994 2499 responset
1011 2427 1144 2480 dura
1164 2425 1353 2495 palato,

187 2501 377 2555 doetus
395 2500 501 2554 eris
521 2501 700 2556 vivam
721 2509 898 2557 musto
907 2518 1134 2556 mersare
1152 2500 1400 2555 Falerno:

184 2576 292 2629 hoe
310 2582 540 2630 teneram
558 2574 727 2632 faciet.
805 2576 1143 2631 Pratensibus
1162 2575 1356 2646 optima
1378 2570 1557 2645 fungis
1741 2584 1792 2626 20

189 2657 379 2704 natura
400 2657 504 2705 est:
547 2651 666 2705 aliis
686 2650 823 2707 male
847 2651 1096 2706 creditur.
1174 2649 1266 2705 Ille
1289 2647 1525 2703 salubres

189 2731 409 2780 aestates
428 2733 657 2800 peraget,
681 2726 779 2799 qui
802 2726 972 2799 nigris
991 2724 1210 2797 prandia
1229 2723 1391 2779 moris
