<?xml version="1.0" encoding="UTF-8"?>
<!DOCTYPE html PUBLIC "-//W3C//DTD XHTML 1.0 Transitional//EN"
    "http://www.w3.org/TR/xhtml1/DTD/xhtml1-transitional.dtd">
<html xmlns="http://www.w3.org/1999/xhtml" xml:lang="en" lang="en">
 <head>
  <title>
</title>
<meta http-equiv="Content-Type" content="text/html;charset=utf-8" />
  <meta name='ocr-system' content='tesseract 3.04.00' />
  <meta name='ocr-capabilities' content='ocr_page ocr_carea ocr_par ocr_line ocrx_word'/>
</head>
<body>
  <div class='ocr_page' id='page_1' title='image "./qhoratiiflaccio02weisgoog_0036.png"; bbox 0 0 2081 3169; ppageno 0'>
   <div class='ocr_carea' id='block_1_1' title="bbox 23 55 405 215">
    <p class='ocr_par' dir='ltr' id='par_1_1' title="bbox 23 55 405 215">
     <span class='ocr_line' id='line_1_1' title="bbox 23 55 405 215; baseline 0.005 -16"><span class='ocrx_word' id='word_1_1' title='bbox 23 55 405 215; x_wconf 47' lang='lat' dir='ltr'>„as</span> 
     </span>
    </p>
   </div>
   <div class='ocr_carea' id='block_1_2' title="bbox 398 210 1343 270">
    <p class='ocr_par' dir='ltr' id='par_1_2' title="bbox 398 210 1343 270">
     <span class='ocr_line' id='line_1_2' title="bbox 398 210 1343 270; baseline 0.008 -8"><span class='ocrx_word' id='word_1_2' title='bbox 398 210 462 263; x_wconf 77' lang='grc'>26</span> <span class='ocrx_word' id='word_1_3' title='bbox 895 222 1343 270; x_wconf 75' lang='lat' dir='ltr'><strong>,ODARUM</strong></span> 
     </span>
    </p>
   </div>
   <div class='ocr_carea' id='block_1_3' title="bbox 472 316 1372 465">
    <p class='ocr_par' dir='ltr' id='par_1_3' title="bbox 472 316 1372 465">
     <span class='ocr_line' id='line_1_3' title="bbox 472 316 1372 394; baseline 0.013 -27"><span class='ocrx_word' id='word_1_4' title='bbox 472 316 625 369; x_wconf 84' lang='lat' dir='ltr'>dulce</span> <span class='ocrx_word' id='word_1_5' title='bbox 645 317 900 372; x_wconf 78' lang='lat' dir='ltr'>ridentem</span> <span class='ocrx_word' id='word_1_6' title='bbox 921 321 1145 394; x_wconf 81' lang='lat' dir='ltr'>Lalagen</span> <span class='ocrx_word' id='word_1_7' title='bbox 1169 324 1372 389; x_wconf 76' lang='lat' dir='ltr'>amabe,</span> 
     </span>
     <span class='ocr_line' id='line_1_4' title="bbox 625 391 1117 465; baseline 0.018 -22"><span class='ocrx_word' id='word_1_8' title='bbox 625 391 778 446; x_wconf 85' lang='lat' dir='ltr'>dulce</span> <span class='ocrx_word' id='word_1_9' title='bbox 799 392 1117 465; x_wconf 84' lang='lat' dir='ltr'>loquentem.</span> 
     </span>
    </p>
   </div>
   <div class='ocr_carea' id='block_1_4' title="bbox 787 628 1492 795">
    <p class='ocr_par' dir='ltr' id='par_1_4' title="bbox 787 628 1492 795">
     <span class='ocr_line' id='line_1_5' title="bbox 787 628 1492 689; baseline 0.009 -6"><span class='ocrx_word' id='word_1_10' title='bbox 787 628 836 683; x_wconf 84' lang='grc'>0</span> <span class='ocrx_word' id='word_1_11' title='bbox 896 631 958 685; x_wconf 90' lang='lat' dir='ltr'>D</span> <span class='ocrx_word' id='word_1_12' title='bbox 1017 631 1072 686; x_wconf 92' lang='lat' dir='ltr'>E</span> <span class='ocrx_word' id='word_1_13' title='bbox 1191 632 1492 689; x_wconf 87' lang='lat' dir='ltr'><strong>XXIII.</strong></span> 
     </span>
     <span class='ocr_line' id='line_1_6' title="bbox 915 749 1358 795; baseline 0.009 -7"><span class='ocrx_word' id='word_1_14' title='bbox 915 749 1358 795; x_wconf 74' lang='lat' dir='ltr'>An·anoEN.</span> 
     </span>
    </p>
   </div>
   <div class='ocr_carea' id='block_1_5' title="bbox 962 866 1289 877">
    <p class='ocr_par' dir='ltr' id='par_1_5' title="bbox 962 866 1289 877">
     <span class='ocr_line' id='line_1_7' title="bbox 962 866 1289 877; baseline 0 2292"><span class='ocrx_word' id='word_1_15' title='bbox 962 866 1289 877; x_wconf 95' lang='lat' dir='ltr'> </span> 
     </span>
    </p>
   </div>
   <div class='ocr_carea' id='block_1_6' title="bbox 390 948 1901 1005">
    <p class='ocr_par' dir='ltr' id='par_1_6' title="bbox 390 941 1901 1005">
     <span class='ocr_line' id='line_1_8' title="bbox 390 948 1901 1005; baseline 0.009 -18"><span class='ocrx_word' id='word_1_16' title='bbox 390 948 652 987; x_wconf 81' lang='lat' dir='ltr'>Timidiorem</span> <span class='ocrx_word' id='word_1_17' title='bbox 672 950 776 988; x_wconf 73' lang='lat' dir='ltr'>iusto</span> <span class='ocrx_word' id='word_1_18' title='bbox 795 954 967 1000; x_wconf 77' lang='lat' dir='ltr'>puellam</span> <span class='ocrx_word' id='word_1_19' title='bbox 985 955 1036 991; x_wconf 74' lang='lat' dir='ltr'>ad</span> <span class='ocrx_word' id='word_1_20' title='bbox 1055 968 1224 993; x_wconf 82' lang='lat' dir='ltr'>amorem</span> <span class='ocrx_word' id='word_1_21' title='bbox 1243 957 1433 1005; x_wconf 82' lang='lat' dir='ltr'>pellicere</span> <span class='ocrx_word' id='word_1_22' title='bbox 1453 965 1590 996; x_wconf 78' lang='lat' dir='ltr'>tentat.</span> <span class='ocrx_word' id='word_1_23' title='bbox 1617 963 1739 998; x_wconf 80' lang='lat' dir='ltr'>Metr.</span> <span class='ocrx_word' id='word_1_24' title='bbox 1759 962 1901 1002; x_wconf 78' lang='lat' dir='ltr'><strong>xlx.</strong></span> 
     </span>
    </p>
   </div>
   <div class='ocr_carea' id='block_1_7' title="bbox 461 1035 1448 1336">
    <p class='ocr_par' dir='ltr' id='par_1_7' title="bbox 461 1035 1448 1336">
     <span class='ocr_line' id='line_1_9' title="bbox 467 1035 1439 1123; baseline 0.01 -21"><span class='ocrx_word' id='word_1_25' title='bbox 467 1035 628 1104; x_wconf 82' lang='lat' dir='ltr'>Vitas</span> <span class='ocrx_word' id='word_1_26' title='bbox 648 1051 902 1106; x_wconf 80' lang='lat' dir='ltr'>hinnuleo</span> <span class='ocrx_word' id='word_1_27' title='bbox 921 1072 1005 1107; x_wconf 89' lang='lat' dir='ltr'>me</span> <span class='ocrx_word' id='word_1_28' title='bbox 1024 1055 1236 1120; x_wconf 79' lang='lat' dir='ltr'>similis,</span> <span class='ocrx_word' id='word_1_29' title='bbox 1261 1057 1439 1123; x_wconf 80' lang='lat' dir='ltr'>Chloe,</span> 
     </span>
     <span class='ocr_line' id='line_1_10' title="bbox 461 1127 1448 1196; baseline 0.008 -18"><span class='ocrx_word' id='word_1_30' title='bbox 461 1128 730 1196; x_wconf 83' lang='lat' dir='ltr'>quaerenti</span> <span class='ocrx_word' id='word_1_31' title='bbox 749 1127 995 1196; x_wconf 86' lang='lat' dir='ltr'>pavidam</span> <span class='ocrx_word' id='word_1_32' title='bbox 1018 1131 1288 1185; x_wconf 84' lang='lat' dir='ltr'>montibus</span> <span class='ocrx_word' id='word_1_33' title='bbox 1315 1135 1448 1187; x_wconf 85' lang='lat' dir='ltr'>aviis</span> 
     </span>
     <span class='ocr_line' id='line_1_11' title="bbox 535 1204 1202 1263; baseline 0.01 -10"><span class='ocrx_word' id='word_1_34' title='bbox 535 1209 772 1263; x_wconf 85' lang='lat' dir='ltr'>matrem,</span> <span class='ocrx_word' id='word_1_35' title='bbox 800 1220 900 1256; x_wconf 87' lang='lat' dir='ltr'>non</span> <span class='ocrx_word' id='word_1_36' title='bbox 929 1204 1046 1257; x_wconf 84' lang='lat' dir='ltr'>sine</span> <span class='ocrx_word' id='word_1_37' title='bbox 1066 1223 1202 1260; x_wconf 85' lang='lat' dir='ltr'>vano</span> 
     </span>
     <span class='ocr_line' id='line_1_12' title="bbox 611 1279 1298 1336; baseline 0.009 -7"><span class='ocrx_word' id='word_1_38' title='bbox 611 1293 858 1330; x_wconf 87' lang='lat' dir='ltr'>aurarum</span> <span class='ocrx_word' id='word_1_39' title='bbox 880 1286 929 1330; x_wconf 85' lang='lat' dir='ltr'>et</span> <span class='ocrx_word' id='word_1_40' title='bbox 947 1279 1115 1333; x_wconf 86' lang='lat' dir='ltr'>siliiae</span> <span class='ocrx_word' id='word_1_41' title='bbox 1133 1289 1298 1336; x_wconf 87' lang='lat' dir='ltr'>metu.</span> 
     </span>
    </p>
   </div>
   <div class='ocr_carea' id='block_1_8' title="bbox 275 1368 1518 1586">
    <p class='ocr_par' dir='ltr' id='par_1_8' title="bbox 275 1368 1518 1586">
     <span class='ocr_line' id='line_1_13' title="bbox 275 1368 1518 1442; baseline 0.01 -26"><span class='ocrx_word' id='word_1_42' title='bbox 275 1375 298 1416; x_wconf 86' lang='lat'><strong>5</strong></span> <span class='ocrx_word' id='word_1_43' title='bbox 458 1368 591 1420; x_wconf 89' lang='lat' dir='ltr'>Nam</span> <span class='ocrx_word' id='word_1_44' title='bbox 613 1385 707 1421; x_wconf 86' lang='lat' dir='ltr'>seu</span> <span class='ocrx_word' id='word_1_45' title='bbox 728 1369 1014 1424; x_wconf 78' lang='lat' dir='ltr'>mobilibus</span> <span class='ocrx_word' id='word_1_46' title='bbox 1039 1372 1210 1442; x_wconf 84' lang='lat' dir='ltr'>vepris</span> <span class='ocrx_word' id='word_1_47' title='bbox 1230 1373 1518 1428; x_wconf 74' lang='lat' dir='ltr'>inhorruit.</span> 
     </span>
     <span class='ocr_line' id='line_1_14' title="bbox 456 1442 1496 1509; baseline 0.007 -13"><span class='ocrx_word' id='word_1_48' title='bbox 456 1442 522 1496; x_wconf 86' lang='lat' dir='ltr'>ad</span> <span class='ocrx_word' id='word_1_49' title='bbox 552 1451 765 1497; x_wconf 87' lang='lat' dir='ltr'>ventum</span> <span class='ocrx_word' id='word_1_50' title='bbox 786 1444 941 1509; x_wconf 83' lang='lat' dir='ltr'>foliis,</span> <span class='ocrx_word' id='word_1_51' title='bbox 965 1463 1059 1499; x_wconf 89' lang='lat' dir='ltr'>seu</span> <span class='ocrx_word' id='word_1_52' title='bbox 1081 1447 1275 1501; x_wconf 87' lang='lat' dir='ltr'>virides</span> <span class='ocrx_word' id='word_1_53' title='bbox 1303 1450 1496 1502; x_wconf 84' lang='lat' dir='ltr'>rubum</span> 
     </span>
     <span class='ocr_line' id='line_1_15' title="bbox 530 1518 1049 1586; baseline 0.01 -16"><span class='ocrx_word' id='word_1_54' title='bbox 530 1518 795 1573; x_wconf 84' lang='lat' dir='ltr'>dimovere</span> <span class='ocrx_word' id='word_1_55' title='bbox 816 1520 1049 1586; x_wconf 81' lang='lat' dir='ltr'>lacertae,</span> 
     </span>
    </p>
   </div>
   <div class='ocr_carea' id='block_1_9' title="bbox 609 1596 1364 1669">
    <p class='ocr_par' dir='ltr' id='par_1_9' title="bbox 609 1596 1364 1669">
     <span class='ocr_line' id='line_1_16' title="bbox 609 1596 1364 1669; baseline 0.005 -23"><span class='ocrx_word' id='word_1_56' title='bbox 609 1604 660 1647; x_wconf 76' lang='lat' dir='ltr'>et</span> <span class='ocrx_word' id='word_1_57' title='bbox 677 1596 828 1649; x_wconf 83' lang='lat' dir='ltr'>corde</span> <span class='ocrx_word' id='word_1_58' title='bbox 853 1605 901 1649; x_wconf 85' lang='lat' dir='ltr'>et</span> <span class='ocrx_word' id='word_1_59' title='bbox 926 1598 1154 1669; x_wconf 83' lang='lat' dir='ltr'>genibus</span> <span class='ocrx_word' id='word_1_60' title='bbox 1175 1599 1364 1652; x_wconf 85' lang='lat' dir='ltr'>tremit.</span> 
     </span>
    </p>
   </div>
   <div class='ocr_carea' id='block_1_10' title="bbox 269 1685 1474 1893">
    <p class='ocr_par' dir='ltr' id='par_1_10' title="bbox 269 1685 1474 1893">
     <span class='ocr_line' id='line_1_17' title="bbox 452 1685 1399 1763; baseline 0.006 -25"><span class='ocrx_word' id='word_1_61' title='bbox 452 1685 613 1756; x_wconf 67' lang='lat' dir='ltr'>Atqui·</span> <span class='ocrx_word' id='word_1_62' title='bbox 635 1705 738 1740; x_wconf 92' lang='lat' dir='ltr'>non</span> <span class='ocrx_word' id='word_1_63' title='bbox 761 1706 857 1760; x_wconf 88' lang='lat' dir='ltr'>ego</span> <span class='ocrx_word' id='word_1_64' title='bbox 878 1698 926 1741; x_wconf 82' lang='lat' dir='ltr'>te</span> <span class='ocrx_word' id='word_1_65' title='bbox 945 1689 1097 1763; x_wconf 82' lang='lat' dir='ltr'>tigris</span> <span class='ocrx_word' id='word_1_66' title='bbox 1117 1697 1177 1743; x_wconf 82' lang='lat' dir='ltr'>ut</span> <span class='ocrx_word' id='word_1_67' title='bbox 1201 1708 1399 1762; x_wconf 89' lang='lat' dir='ltr'>aspera,</span> 
     </span>
     <span class='ocr_line' id='line_1_18' title="bbox 269 1760 1474 1838; baseline 0.009 -30"><span class='ocrx_word' id='word_1_68' title='bbox 269 1767 319 1810; x_wconf 92' lang='lat'>10</span> <span class='ocrx_word' id='word_1_69' title='bbox 453 1760 772 1816; x_wconf 84' lang='lat' dir='ltr'>Gaetulusve</span> <span class='ocrx_word' id='word_1_70' title='bbox 793 1762 888 1822; x_wconf 84' lang='lat' dir='ltr'>leo,</span> <span class='ocrx_word' id='word_1_71' title='bbox 915 1762 1152 1838; x_wconf 82' lang='lat' dir='ltr'>frangere</span> <span class='ocrx_word' id='word_1_72' title='bbox 1171 1783 1474 1837; x_wconf 79' lang='lat' dir='ltr'>persequor.</span> 
     </span>
     <span class='ocr_line' id='line_1_19' title="bbox 524 1836 1198 1893; baseline 0.007 -5"><span class='ocrx_word' id='word_1_73' title='bbox 524 1836 754 1890; x_wconf 87' lang='lat' dir='ltr'>Tandem</span> <span class='ocrx_word' id='word_1_74' title='bbox 782 1838 961 1892; x_wconf 86' lang='lat' dir='ltr'>desine</span> <span class='ocrx_word' id='word_1_75' title='bbox 981 1849 1198 1893; x_wconf 84' lang='lat' dir='ltr'>matrem</span> 
     </span>
    </p>
   </div>
   <div class='ocr_carea' id='block_1_11' title="bbox 601 1913 1231 1988">
    <p class='ocr_par' dir='ltr' id='par_1_11' title="bbox 601 1913 1231 1988">
     <span class='ocr_line' id='line_1_20' title="bbox 601 1913 1231 1988; baseline 0.008 -24"><span class='ocrx_word' id='word_1_76' title='bbox 601 1913 905 1984; x_wconf 85' lang='lat' dir='ltr'>tempestiva</span> <span class='ocrx_word' id='word_1_77' title='bbox 927 1916 1077 1988; x_wconf 84' lang='lat' dir='ltr'>sequi</span> <span class='ocrx_word' id='word_1_78' title='bbox 1099 1916 1231 1970; x_wconf 88' lang='lat' dir='ltr'>viro.</span> 
     </span>
    </p>
   </div>
   <div class='ocr_carea' id='block_1_12' title="bbox 589 2129 1628 2318">
    <p class='ocr_par' dir='ltr' id='par_1_12' title="bbox 589 2129 1628 2318">
     <span class='ocr_line' id='line_1_21' title="bbox 769 2129 1461 2212; baseline 0.003 -2"><span class='ocrx_word' id='word_1_79' title='bbox 769 2154 818 2210; x_wconf 86' lang='grc' dir='ltr'>ο</span> <span class='ocrx_word' id='word_1_80' title='bbox 877 2157 938 2210; x_wconf 89' lang='lat' dir='ltr'>D</span> <span class='ocrx_word' id='word_1_81' title='bbox 998 2155 1053 2210; x_wconf 86' lang='lat' dir='ltr'>E</span> <span class='ocrx_word' id='word_1_82' title='bbox 1173 2129 1461 2212; x_wconf 53' lang='lat' dir='ltr'>xxxiv.</span> 
     </span>
     <span class='ocr_line' id='line_1_22' title="bbox 589 2272 1628 2318; baseline 0.003 -6"><span class='ocrx_word' id='word_1_83' title='bbox 589 2272 678 2313; x_wconf 82' lang='lat' dir='ltr'>AD</span> <span class='ocrx_word' id='word_1_84' title='bbox 727 2275 777 2314; x_wconf 89' lang='lat' dir='ltr'>P.</span> <span class='ocrx_word' id='word_1_85' title='bbox 826 2274 1221 2317; x_wconf 78' lang='lat' dir='ltr'><strong>VIRGILIUM</strong></span> <span class='ocrx_word' id='word_1_86' title='bbox 1266 2276 1628 2318; x_wconf 77' lang='lat' dir='ltr'><strong>MARONEM.</strong></span> 
     </span>
    </p>
   </div>
   <div class='ocr_carea' id='block_1_13' title="bbox 939 2393 1276 2402">
    <p class='ocr_par' dir='ltr' id='par_1_13' title="bbox 939 2393 1276 2402">
     <span class='ocr_line' id='line_1_23' title="bbox 939 2393 1276 2402; baseline 0 767"><span class='ocrx_word' id='word_1_87' title='bbox 939 2393 1276 2402; x_wconf 95' lang='lat' dir='ltr'> </span> 
     </span>
    </p>
   </div>
   <div class='ocr_carea' id='block_1_14' title="bbox 417 2476 1804 2581">
    <p class='ocr_par' dir='ltr' id='par_1_14' title="bbox 417 2476 1804 2581">
     <span class='ocr_line' id='line_1_24' title="bbox 417 2476 1804 2530; baseline 0.005 -15"><span class='ocrx_word' id='word_1_88' title='bbox 417 2477 686 2526; x_wconf 81' lang='lat' dir='ltr'>Conqueritur</span> <span class='ocrx_word' id='word_1_89' title='bbox 706 2479 927 2525; x_wconf 80' lang='lat' dir='ltr'>Quinctilii</span> <span class='ocrx_word' id='word_1_90' title='bbox 948 2487 1129 2525; x_wconf 79' lang='lat' dir='ltr'>mortem,</span> <span class='ocrx_word' id='word_1_91' title='bbox 1149 2482 1441 2530; x_wconf 71' lang='lat' dir='ltr'>virginumque</span> <span class='ocrx_word' id='word_1_92' title='bbox 1462 2476 1625 2518; x_wconf 75' lang='lat' dir='ltr'>solatur&#39;.</span> <span class='ocrx_word' id='word_1_93' title='bbox 1669 2485 1804 2522; x_wconf 80' lang='lat' dir='ltr'>Metr.</span> 
     </span>
     <span class='ocr_line' id='line_1_25' title="bbox 1028 2546 1184 2581; baseline -0.006 -1"><span class='ocrx_word' id='word_1_94' title='bbox 1028 2546 1184 2581; x_wconf 72' lang='lat' dir='ltr'><strong>XVIII.</strong></span> 
     </span>
    </p>
   </div>
   <div class='ocr_carea' id='block_1_15' title="bbox 185 2630 1457 2873">
    <p class='ocr_par' dir='ltr' id='par_1_15' title="bbox 185 2630 1457 2873">
     <span class='ocr_line' id='line_1_26' title="bbox 437 2630 1454 2714; baseline 0.006 -21"><span class='ocrx_word' id='word_1_95' title='bbox 437 2630 584 2705; x_wconf 80' lang='lat' dir='ltr'>Quis</span> <span class='ocrx_word' id='word_1_96' title='bbox 604 2640 859 2696; x_wconf 83' lang='lat' dir='ltr'>desiderio</span> <span class='ocrx_word' id='word_1_97' title='bbox 878 2646 946 2696; x_wconf 89' lang='lat' dir='ltr'>sit</span> <span class='ocrx_word' id='word_1_98' title='bbox 964 2645 1135 2714; x_wconf 91' lang='lat' dir='ltr'>pudor</span> <span class='ocrx_word' id='word_1_99' title='bbox 1154 2653 1244 2698; x_wconf 86' lang='lat' dir='ltr'>aut</span> <span class='ocrx_word' id='word_1_100' title='bbox 1264 2645 1454 2699; x_wconf 87' lang='lat' dir='ltr'>modus</span> 
     </span>
     <span class='ocr_line' id='line_1_27' title="bbox 185 2717 1457 2873; baseline 0.006 -105"><span class='ocrx_word' id='word_1_101' title='bbox 185 2743 391 2873; x_wconf 39' lang='lat' dir='ltr'>q</span> <span class='ocrx_word' id='word_1_102' title='bbox 433 2724 537 2770; x_wconf 80' lang='lat' dir='ltr'>tam</span> <span class='ocrx_word' id='word_1_103' title='bbox 558 2717 664 2770; x_wconf 88' lang='lat' dir='ltr'>cari</span> <span class='ocrx_word' id='word_1_104' title='bbox 685 2717 905 2786; x_wconf 68' lang='lat' dir='ltr'>capitis?</span> <span class='ocrx_word' id='word_1_105' title='bbox 943 2719 1184 2789; x_wconf 83' lang='lat' dir='ltr'>Praecipe</span> <span class='ocrx_word' id='word_1_106' title='bbox 1206 2720 1457 2793; x_wconf 76' lang='lat' dir='ltr'>lugubres</span> 
     </span>
    </p>
   </div>
   <div class='ocr_carea' id='block_1_16' title="bbox 2079 536 2081 1170">
    <p class='ocr_par' dir='ltr' id='par_1_16' title="bbox 2079 536 2081 1170">
     <span class='ocr_line' id='line_1_28' title="bbox 2079 536 2081 1170; baseline 0 0"><span class='ocrx_word' id='word_1_107' title='bbox 2079 536 2081 1170; x_wconf 95' lang='lat' dir='ltr'> </span> 
     </span>
    </p>
   </div>
  </div>
 </body>
</html>
