2081 3169
356 547 412 592 20

358 2261 409 2304 10

360 2655 410 2697 15

212 2769 367 2880 ἢ

468 207 530 261 12
1005 208 1409 258 ΟΒΑΒῘΙΜ

538 312 704 366 donec
721 311 909 366 virenti
931 313 1147 367 canities
1168 313 1312 366 abaet

541 404 765 441 morosa.
844 389 1000 442 Nunc
1015 396 1066 442 et
1084 405 1304 459 campus
1324 393 1375 440 et
1393 404 1558 452 areae,

618 462 864 532 lenesque
884 462 986 516 sub
1008 472 1210 518 noctem
1230 462 1437 516 susurri

689 538 972 608 composita
994 545 1291 610 repetantur
1309 538 1456 601 hora,

542 646 685 683 nunc
709 637 759 682 et
777 627 982 682 latentis
1002 630 1232 699 proditor
1259 629 1444 682 intimo

540 711 720 777 gratus
740 702 944 774 puellae
964 705 1103 758 risus
1123 704 1190 757 ab
1209 703 1419 777 angulO,

615 780 917 851 pignusque
935 779 1208 850 dereptum
1231 778 1450 844 lacertiS,

691 861 780 908 aut
798 854 963 927 digito
983 854 1118 908 male
1134 854 1405 927 pertinaci.

968 1111 1018 1167 0
1080 1110 1141 1166 D
1201 1109 1254 1165 E
1371 1110 1457 1166 X.

732 1226 1044 1270 quNUs
1093 1229 1184 1272 An
1235 1228 1695 1272 muncumum.

470 1438 653 1477 celebrat
673 1449 761 1474 eum
780 1449 801 1472 a
817 1436 941 1473 variis
961 1437 1048 1473 eius
1067 1436 1298 1473 numinibus
1318 1435 1642 1486 muneribusque.
1678 1438 1803 1476 Metr.
1822 1434 1960 1473 xvll.

543 1528 803 1602 Mercuri,
830 1535 1054 1592 facunde
1072 1554 1235 1609 nepos
1254 1535 1498 1603 Atlantis,

541 1615 635 1685 qui
658 1613 790 1667 feros
810 1613 982 1667 cultus
1002 1613 1283 1668 hominum
1304 1621 1570 1668 recentum

542 1707 668 1743 voce
687 1688 917 1742 formasti
940 1696 1107 1752 catus,
1131 1696 1180 1742 ct
1201 1689 1413 1743 decorae

697 1781 840 1817 more
860 1762 1168 1833 palaestrae:

541 1865 590 1910 te
608 1873 811 1921 canam,
836 1856 1015 1928 magni
1037 1856 1176 1910 lovis
1196 1863 1247 1909 et
1266 1855 1483 1909 deorum

543 1932 819 1995 nuncium,
845 1948 1142 2002 curvaeque
1163 1930 1306 2004 lyrae
1331 1936 1597 2002 parentem
1613 1932 1636 2000 ;'

543 2006 812 2072 callidum,
837 2006 1106 2079 quidquid
1123 2005 1337 2078 placuit,
1363 2006 1533 2060 iocoso

695 2082 914 2137 condere
934 2081 1092 2136 furto.

2037 2241 2038 2254 ⁴
2029 1779 2038 2156 ᾼιᾲ--ι-μ-ῌμ

543 2177 629 2239 Te,
655 2175 814 2228 boves
833 2174 960 2228 olim
983 2175 1087 2228 nisi
1108 2173 1425 2228 reddidisses
2033 2169 2038 2238 l

542 2268 635 2322 per
654 2250 836 2304 dolum
856 2258 1073 2313 amotaS‚
1099 2267 1326 2320 puerum
1344 2249 1538 2304 minaci

543 2343 666 2380 voce
684 2326 814 2378 dum
838 2333 1004 2388 terret,
1035 2325 1235 2379 viduus
1254 2324 1493 2397 pharetra
2035 2347 2038 2404 ι

694 2401 809 2454 risit
832 2399 1035 2471 Apelle.
2035 2409 2038 2422 “

540 2492 678 2558 Quin
702 2501 751 2546 et
770 2492 996 2555 AtridaS,
1023 2490 1157 2545 duce
1177 2499 1239 2555 te,
1265 2491 1519 2563 superbos

541 2568 635 2623 llio
654 2568 801 2621 dives
823 2568 1064 2621 Priamus
1085 2566 1260 2621 relicto

543 2641 923 2714 Thessalosque
942 2642 1094 2715 ignes
1114 2650 1165 2697 et
1184 2642 1367 2715 iniqua
1388 2641 1570 2696 Troiae

696 2724 859 2771 castra
881 2715 1082 2773 fefellit.
