2081 3169
382 220 445 272 42
923 227 1325 275 ODARUM

506 343 612 383 ,res
631 325 906 391 ordinari3‚
930 328 1130 400 grande
1159 345 1356 381 munus

606 402 853 470 Cecropio
871 412 1073 472 repetes
1097 404 1369 467 cothurnO,

456 492 662 563 insigne
682 494 893 546 moestis
913 495 1236 564 praesidium
1258 496 1376 560 reiS,

450 575 499 618 et
518 565 829 629 consulenti,
855 568 1033 630 Pollio,
1066 571 1265 623 curiae:

269 650 318 691 15
526 642 608 694 cui
633 641 815 695 laurus
834 651 1066 696 aeternos
1087 644 1312 698 honores

602 716 886 770 Dalmatico
903 719 1102 787 peperit
1124 720 1409 789 triumpho.

450 808 562 860 Iam
584 825 729 860 nunc
749 809 939 861 minaci
964 828 1236 863 murmure
1255 828 1514 869 cornuum

450 882 762 953 perstringis
781 900 959 937 aures:
1004 885 1109 937 iam
1132 884 1245 937 litui
1273 894 1538 956 strepunt:

527 957 631 1009 iam
654 956 828 1028 fulgor
848 956 1115 1011 armorum
1137 959 1345 1031 fugaces

266 1039 318 1081 20
606 1041 758 1084 terret
783 1049 965 1102 equOS‚
991 1035 1337 1105 equitumque
1359 1036 1557 1089 vuitus

451 1122 649 1176 Audire
670 1141 889 1196 magnos
911 1125 1014 1177 iam
1042 1125 1216 1179 videor
1236 1126 1393 1179 duces

453 1215 557 1250 non
582 1198 820 1252 indecoro
840 1199 1057 1270 pulvere
1076 1200 1331 1265 sordidos,

525 1281 574 1325 et
593 1289 654 1326 cu
664 1282 776 1327 ncta
797 1283 1052 1329 terrarum
1080 1276 1309 1341 subacta,

598 1359 797 1418 praeter
817 1358 1038 1405 atrocem
1059 1351 1295 1404 animum
1320 1351 1549 1405 Catonis.

266 1448 316 1490 25
449 1441 598 1504 Iun0‚
624 1450 673 1494 et
691 1441 906 1495 deorum
930 1443 1177 1513 quisquis
1199 1444 1413 1496 amicior

449 1515 589 1569 Afris
634 1517 799 1570 inulta
818 1526 1040 1571 cesserat
1064 1518 1319 1588 impotens

522 1592 731 1655 tellure,
761 1594 1014 1647 victorum
1047 1603 1253 1669 nepotes

598 1668 772 1720 retulit
799 1668 1009 1722 inferias
1029 1670 1331 1741 Iugurthae.

449 1756 581 1821 Quis
601 1776 705 1811 non
729 1759 911 1812 Latino
932 1761 1192 1833 sanguine
1218 1762 1462 1833 pinguior

266 1839 317 1881 3ο
451 1848 669 1902 campus
690 1833 942 1904 sepulcris
964 1836 1124 1906 impia
1153 1836 1344 1909 proelia

525 1916 757 1972 testatur,
784 1910 1130 1981 auditumque
1149 1911 1314 1963 Medis

600 1985 874 2053 Hesperiae
895 1986 1126 2039 sonitum
1149 1984 1365 2039 ruinae‘?

447 2074 541 2143 qui
564 2092 758 2146 gurges
779 2085 868 2129 aut
889 2096 1023 2148 quae
1044 2077 1262 2131 flumina
1286 2077 1530 2149 lugubris

451 2149 631 2220 ignara
653 2149 815 2202 belli?
852 2153 994 2221 quod
1017 2171 1157 2206 mare
1182 2154 1407 2206 Dauniae

265 2232 314 2273 35
522 2240 626 2277 non
649 2224 879 2278 decolora
888 2245 1003 2280 vere
1022 2226 1238 2280 caedes?

598 2317 736 2369 quae
755 2311 891 2366 caret
911 2320 998 2355 ora
1019 2320 1202 2356 cruore
1225 2301 1437 2368 nostro?

446 2388 548 2442 Sed
569 2408 651 2454 ne,
678 2391 887 2456 relictis,
911 2394 1060 2447 Musa
1081 2412 1291 2464 procax,
1323 2394 1466 2455 iociS‚

447 2463 578 2518 Ceae
598 2475 835 2519 retractes
858 2486 1073 2522 munera
1100 2470 1304 2522 neniae:

520 2558 729 2594 mecum
752 2542 974 2595 Dionaeo
993 2543 1095 2595 sub
1124 2552 1269 2598 antro

261 2618 313 2663 40
597 2633 789 2687 quaere
810 2617 990 2670 modos
1016 2617 1203 2671 leviore
1221 2617 1432 2690 plectro.

272 2733 477 2872 *fi

478 2887 487 2910 ι.
