<?xml version="1.0" encoding="UTF-8"?>
<!DOCTYPE html PUBLIC "-//W3C//DTD XHTML 1.0 Transitional//EN"
    "http://www.w3.org/TR/xhtml1/DTD/xhtml1-transitional.dtd">
<html xmlns="http://www.w3.org/1999/xhtml" xml:lang="en" lang="en">
 <head>
  <title>
</title>
<meta http-equiv="Content-Type" content="text/html;charset=utf-8" />
  <meta name='ocr-system' content='tesseract 3.04.00' />
  <meta name='ocr-capabilities' content='ocr_page ocr_carea ocr_par ocr_line ocrx_word'/>
</head>
<body>
  <div class='ocr_page' id='page_1' title='image "./qhoratiiflaccio02weisgoog_0015.png"; bbox 0 0 2081 3169; ppageno 0'>
   <div class='ocr_carea' id='block_1_1' title="bbox 739 252 1151 304">
    <p class='ocr_par' dir='ltr' id='par_1_1' title="bbox 739 252 1151 304">
     <span class='ocr_line' id='line_1_1' title="bbox 739 252 1151 304; baseline 0.015 -7"><span class='ocrx_word' id='word_1_1' title='bbox 739 252 1034 301; x_wconf 87' lang='lat' dir='ltr'>LIBER</span> <span class='ocrx_word' id='word_1_2' title='bbox 1107 260 1151 304; x_wconf 90' lang='grc' dir='ltr'><strong>Ι.</strong></span> 
     </span>
    </p>
   </div>
   <div class='ocr_carea' id='block_1_2' title="bbox 659 444 1203 506">
    <p class='ocr_par' dir='ltr' id='par_1_2' title="bbox 659 444 1203 506">
     <span class='ocr_line' id='line_1_2' title="bbox 659 444 1203 506; baseline 0.017 -9"><span class='ocrx_word' id='word_1_3' title='bbox 659 444 709 498; x_wconf 89' lang='grc' dir='ltr'><strong>Ο</strong></span> <span class='ocrx_word' id='word_1_4' title='bbox 770 445 829 498; x_wconf 93' lang='lat' dir='ltr'>D</span> <span class='ocrx_word' id='word_1_5' title='bbox 890 445 943 499; x_wconf 94' lang='lat' dir='ltr'>E</span> <span class='ocrx_word' id='word_1_6' title='bbox 1055 449 1203 506; x_wconf 89' lang='grc' dir='ltr'><strong>ΙΙΙ.</strong></span> 
     </span>
    </p>
   </div>
   <div class='ocr_carea' id='block_1_3' title="bbox 224 557 1631 706">
    <p class='ocr_par' dir='ltr' id='par_1_3' title="bbox 224 557 1631 706">
     <span class='ocr_line' id='line_1_3' title="bbox 224 557 1631 618; baseline 0.013 -18"><span class='ocrx_word' id='word_1_7' title='bbox 224 557 323 601; x_wconf 75' lang='lat' dir='ltr'><strong>AD</strong></span> <span class='ocrx_word' id='word_1_8' title='bbox 374 559 652 610; x_wconf 67' lang='lat' dir='ltr'><strong>NAVEM,</strong></span> <span class='ocrx_word' id='word_1_9' title='bbox 703 562 850 611; x_wconf 72' lang='lat' dir='ltr'><strong>QUA</strong></span> <span class='ocrx_word' id='word_1_10' title='bbox 898 565 1356 612; x_wconf 71' lang='lat' dir='ltr'><strong>VEHEBATUR</strong></span> <span class='ocrx_word' id='word_1_11' title='bbox 1403 572 1631 618; x_wconf 80' lang='lat' dir='ltr'>VIRGI-</span> 
     </span>
     <span class='ocr_line' id='line_1_4' title="bbox 340 648 1516 706; baseline 0.009 -14"><span class='ocrx_word' id='word_1_12' title='bbox 340 648 515 693; x_wconf 82' lang='lat' dir='ltr'>LIUS</span> <span class='ocrx_word' id='word_1_13' title='bbox 563 650 915 695; x_wconf 70' lang='lat' dir='ltr'><strong>ATHENAS</strong></span> <span class='ocrx_word' id='word_1_14' title='bbox 964 654 1516 706; x_wconf 83' lang='lat' dir='ltr'>PROFICISCENS.</span> 
     </span>
    </p>
   </div>
   <div class='ocr_carea' id='block_1_4' title="bbox 765 771 1111 785">
    <p class='ocr_par' dir='ltr' id='par_1_4' title="bbox 765 771 1111 785">
     <span class='ocr_line' id='line_1_5' title="bbox 765 771 1111 785; baseline 0 2384"><span class='ocrx_word' id='word_1_15' title='bbox 765 771 1111 785; x_wconf 95' lang='lat' dir='ltr'><strong> </strong></span> 
     </span>
    </p>
   </div>
   <div class='ocr_carea' id='block_1_5' title="bbox 174 862 1672 914">
    <p class='ocr_par' dir='ltr' id='par_1_5' title="bbox 174 862 1672 914">
     <span class='ocr_line' id='line_1_6' title="bbox 174 862 1672 914; baseline 0.009 -13"><span class='ocrx_word' id='word_1_16' title='bbox 174 862 354 911; x_wconf 74' lang='lat' dir='ltr'>Virgilio</span> <span class='ocrx_word' id='word_1_17' title='bbox 378 862 540 900; x_wconf 77' lang='lat' dir='ltr'><strong>felicem</strong></span> <span class='ocrx_word' id='word_1_18' title='bbox 567 870 754 912; x_wconf 80' lang='lat' dir='ltr'><strong>precatur</strong></span> <span class='ocrx_word' id='word_1_19' title='bbox 778 865 1099 912; x_wconf 73' lang='lat' dir='ltr'><strong>navigationem,</strong></span> <span class='ocrx_word' id='word_1_20' title='bbox 1128 868 1308 909; x_wconf 73' lang='lat' dir='ltr'><strong>invectus</strong></span> <span class='ocrx_word' id='word_1_21' title='bbox 1337 873 1453 911; x_wconf 69' lang='lat' dir='ltr'><strong>simul</strong></span> <span class='ocrx_word' id='word_1_22' title='bbox 1481 873 1522 912; x_wconf 85' lang='lat' dir='ltr'><strong>in</strong></span> <span class='ocrx_word' id='word_1_23' title='bbox 1550 878 1672 914; x_wconf 75' lang='lat' dir='ltr'><strong>auda-</strong></span> 
     </span>
    </p>
   </div>
   <div class='ocr_carea' id='block_1_6' title="bbox 241 924 1611 978">
    <p class='ocr_par' dir='ltr' id='par_1_6' title="bbox 241 924 1611 978">
     <span class='ocr_line' id='line_1_7' title="bbox 241 924 1611 978; baseline 0.008 -15"><span class='ocrx_word' id='word_1_24' title='bbox 241 927 346 963; x_wconf 78' lang='lat' dir='ltr'><strong>ciam</strong></span> <span class='ocrx_word' id='word_1_25' title='bbox 365 924 591 970; x_wconf 83' lang='lat' dir='ltr'><strong>hominum,</strong></span> <span class='ocrx_word' id='word_1_26' title='bbox 611 939 718 963; x_wconf 80' lang='lat' dir='ltr'><strong>mare</strong></span> <span class='ocrx_word' id='word_1_27' title='bbox 738 928 833 965; x_wconf 74' lang='lat' dir='ltr'><strong>adeo</strong></span> <span class='ocrx_word' id='word_1_28' title='bbox 856 928 1005 965; x_wconf 73' lang='lat' dir='ltr'><strong>ratibus</strong></span> <span class='ocrx_word' id='word_1_29' title='bbox 1026 933 1371 974; x_wconf 76' lang='lat' dir='ltr'><strong>tmnssilicntium.</strong></span> <span class='ocrx_word' id='word_1_30' title='bbox 1420 941 1543 977; x_wconf 73' lang='lat' dir='ltr'><strong>Metr,</strong></span> <span class='ocrx_word' id='word_1_31' title='bbox 1563 943 1611 978; x_wconf 81' lang='lat' dir='ltr'><strong>V.</strong></span> 
     </span>
    </p>
   </div>
   <div class='ocr_carea' id='block_1_7' title="bbox 216 1016 1471 2828">
    <p class='ocr_par' dir='ltr' id='par_1_7' title="bbox 216 1016 1471 2828">
     <span class='ocr_line' id='line_1_8' title="bbox 251 1016 968 1102; baseline 0.006 -23"><span class='ocrx_word' id='word_1_32' title='bbox 251 1016 352 1079; x_wconf 81' lang='lat' dir='ltr'><strong>Sic</strong></span> <span class='ocrx_word' id='word_1_33' title='bbox 376 1032 423 1079; x_wconf 87' lang='lat' dir='ltr'><strong>te</strong></span> <span class='ocrx_word' id='word_1_34' title='bbox 442 1024 564 1080; x_wconf 87' lang='lat' dir='ltr'><strong>diva</strong></span> <span class='ocrx_word' id='word_1_35' title='bbox 584 1034 766 1096; x_wconf 88' lang='lat' dir='ltr'><strong>potens</strong></span> <span class='ocrx_word' id='word_1_36' title='bbox 788 1028 968 1102; x_wconf 82' lang='lat' dir='ltr'><strong>Cypri,</strong></span> 
     </span>
     <span class='ocr_line' id='line_1_9' title="bbox 327 1099 1274 1175; baseline 0.014 -23"><span class='ocrx_word' id='word_1_37' title='bbox 327 1100 405 1153; x_wconf 83' lang='lat' dir='ltr'><strong>sie</strong></span> <span class='ocrx_word' id='word_1_38' title='bbox 423 1099 606 1154; x_wconf 87' lang='lat' dir='ltr'><strong>fratres</strong></span> <span class='ocrx_word' id='word_1_39' title='bbox 627 1102 865 1168; x_wconf 82' lang='lat' dir='ltr'>Helenae,</span> <span class='ocrx_word' id='word_1_40' title='bbox 894 1104 1066 1161; x_wconf 87' lang='lat' dir='ltr'><strong>lueida</strong></span> <span class='ocrx_word' id='word_1_41' title='bbox 1088 1108 1274 1175; x_wconf 87' lang='lat' dir='ltr'><strong>sidera,</strong></span> 
     </span>
     <span class='ocr_line' id='line_1_10' title="bbox 248 1182 982 1250; baseline 0.003 -20"><span class='ocrx_word' id='word_1_42' title='bbox 248 1182 641 1247; x_wconf 85' lang='lat' dir='ltr'><strong>ventorumque</strong></span> <span class='ocrx_word' id='word_1_43' title='bbox 661 1187 804 1250; x_wconf 81' lang='lat' dir='ltr'><strong>regat</strong></span> <span class='ocrx_word' id='word_1_44' title='bbox 822 1187 982 1249; x_wconf 86' lang='lat' dir='ltr'><strong>pater,</strong></span> 
     </span>
     <span class='ocr_line' id='line_1_11' title="bbox 324 1250 1201 1331; baseline 0.011 -29"><span class='ocrx_word' id='word_1_45' title='bbox 324 1250 589 1304; x_wconf 83' lang='lat' dir='ltr'>obstrictis</span> <span class='ocrx_word' id='word_1_46' title='bbox 610 1251 745 1316; x_wconf 80' lang='lat' dir='ltr'><strong>aliis,</strong></span> <span class='ocrx_word' id='word_1_47' title='bbox 770 1263 968 1324; x_wconf 87' lang='lat' dir='ltr'><strong>praeter</strong></span> <span class='ocrx_word' id='word_1_48' title='bbox 988 1258 1201 1331; x_wconf 81' lang='lat' dir='ltr'>Iapyga,</span> 
     </span>
     <span class='ocr_line' id='line_1_12' title="bbox 247 1327 979 1396; baseline 0.005 -17"><span class='ocrx_word' id='word_1_49' title='bbox 247 1344 423 1389; x_wconf 80' lang='lat' dir='ltr'><strong>naV1S‚</strong></span> <span class='ocrx_word' id='word_1_50' title='bbox 449 1343 586 1396; x_wconf 89' lang='lat' dir='ltr'><strong>quae</strong></span> <span class='ocrx_word' id='word_1_51' title='bbox 607 1327 700 1380; x_wconf 90' lang='lat' dir='ltr'><strong>tibi</strong></span> <span class='ocrx_word' id='word_1_52' title='bbox 723 1329 979 1383; x_wconf 86' lang='lat' dir='ltr'><strong>creditum</strong></span> 
     </span>
     <span class='ocr_line' id='line_1_13' title="bbox 325 1400 1237 1474; baseline 0.011 -22"><span class='ocrx_word' id='word_1_53' title='bbox 325 1400 487 1453; x_wconf 87' lang='lat' dir='ltr'><strong>debes</strong></span> <span class='ocrx_word' id='word_1_54' title='bbox 508 1401 808 1474; x_wconf 79' lang='lat' dir='ltr'><strong>Virgilium,</strong></span> <span class='ocrx_word' id='word_1_55' title='bbox 837 1404 1035 1459; x_wconf 82' lang='lat' dir='ltr'><strong>finibus</strong></span> <span class='ocrx_word' id='word_1_56' title='bbox 1056 1406 1237 1462; x_wconf 82' lang='lat' dir='ltr'><strong>Atticis</strong></span> 
     </span>
     <span class='ocr_line' id='line_1_14' title="bbox 244 1474 1016 1548; baseline 0.009 -20"><span class='ocrx_word' id='word_1_57' title='bbox 244 1474 437 1528; x_wconf 81' lang='lat' dir='ltr'><strong>reddas</strong></span> <span class='ocrx_word' id='word_1_58' title='bbox 460 1475 796 1541; x_wconf 78' lang='lat' dir='ltr'><strong>ineolumem,</strong></span> <span class='ocrx_word' id='word_1_59' title='bbox 820 1496 1016 1548; x_wconf 84' lang='lat' dir='ltr'><strong>precor,</strong></span> 
     </span>
     <span class='ocr_line' id='line_1_15' title="bbox 323 1553 1377 1612; baseline 0.009 -8"><span class='ocrx_word' id='word_1_60' title='bbox 323 1558 372 1605; x_wconf 82' lang='lat' dir='ltr'><strong>et</strong></span> <span class='ocrx_word' id='word_1_61' title='bbox 390 1568 566 1606; x_wconf 86' lang='lat' dir='ltr'><strong>serves</strong></span> <span class='ocrx_word' id='word_1_62' title='bbox 588 1553 795 1607; x_wconf 86' lang='lat' dir='ltr'><strong>animae</strong></span> <span class='ocrx_word' id='word_1_63' title='bbox 813 1554 1098 1611; x_wconf 88' lang='lat' dir='ltr'><strong>dimidium</strong></span> <span class='ocrx_word' id='word_1_64' title='bbox 1119 1575 1282 1612; x_wconf 86' lang='lat' dir='ltr'><strong>meae.</strong></span> <span class='ocrx_word' id='word_1_65' title='bbox 1304 1591 1377 1599; x_wconf 96' lang='lat'><strong>—</strong></span> 
     </span>
     <span class='ocr_line' id='line_1_16' title="bbox 244 1625 901 1700; baseline 0.006 -21"><span class='ocrx_word' id='word_1_66' title='bbox 244 1625 328 1679; x_wconf 91' lang='lat' dir='ltr'><strong>Illi</strong></span> <span class='ocrx_word' id='word_1_67' title='bbox 352 1627 514 1680; x_wconf 88' lang='lat' dir='ltr'><strong>robur</strong></span> <span class='ocrx_word' id='word_1_68' title='bbox 538 1634 586 1680; x_wconf 86' lang='lat' dir='ltr'><strong>et</strong></span> <span class='ocrx_word' id='word_1_69' title='bbox 605 1645 691 1681; x_wconf 82' lang='lat' dir='ltr'><strong>aes</strong></span> <span class='ocrx_word' id='word_1_70' title='bbox 712 1628 901 1700; x_wconf 77' lang='lat' dir='ltr'><strong>triplex</strong></span> 
     </span>
     <span class='ocr_line' id='line_1_17' title="bbox 320 1701 1338 1779; baseline 0.008 -25"><span class='ocrx_word' id='word_1_71' title='bbox 320 1701 456 1755; x_wconf 82' lang='lat' dir='ltr'><strong>cirea</strong></span> <span class='ocrx_word' id='word_1_72' title='bbox 478 1710 657 1772; x_wconf 81' lang='lat' dir='ltr'><strong>peetus</strong></span> <span class='ocrx_word' id='word_1_73' title='bbox 679 1713 803 1768; x_wconf 82' lang='lat' dir='ltr'><strong>erat,</strong></span> <span class='ocrx_word' id='word_1_74' title='bbox 830 1706 926 1776; x_wconf 89' lang='lat' dir='ltr'><strong>qui</strong></span> <span class='ocrx_word' id='word_1_75' title='bbox 944 1706 1184 1779; x_wconf 79' lang='lat' dir='ltr'><strong>fragilem</strong></span> <span class='ocrx_word' id='word_1_76' title='bbox 1207 1710 1338 1762; x_wconf 88' lang='lat' dir='ltr'><strong>truci</strong></span> 
     </span>
     <span class='ocr_line' id='line_1_18' title="bbox 239 1777 898 1851; baseline 0.005 -21"><span class='ocrx_word' id='word_1_77' title='bbox 239 1777 509 1830; x_wconf 80' lang='lat' dir='ltr'><strong>commisit</strong></span> <span class='ocrx_word' id='word_1_78' title='bbox 525 1777 712 1851; x_wconf 81' lang='lat' dir='ltr'><strong>pelago</strong></span> <span class='ocrx_word' id='word_1_79' title='bbox 737 1787 898 1833; x_wconf 87' lang='lat' dir='ltr'><strong>ratem</strong></span> 
     </span>
     <span class='ocr_line' id='line_1_19' title="bbox 319 1851 1471 1928; baseline 0.01 -25"><span class='ocrx_word' id='word_1_80' title='bbox 319 1851 547 1921; x_wconf 59' lang='lat' dir='ltr'><strong>primm,</strong></span> <span class='ocrx_word' id='word_1_81' title='bbox 573 1871 668 1906; x_wconf 87' lang='lat' dir='ltr'><strong>nec</strong></span> <span class='ocrx_word' id='word_1_82' title='bbox 688 1855 865 1908; x_wconf 88' lang='lat' dir='ltr'><strong>timuit</strong></span> <span class='ocrx_word' id='word_1_83' title='bbox 884 1859 1218 1928; x_wconf 87' lang='lat' dir='ltr'><strong>praecipitem</strong></span> <span class='ocrx_word' id='word_1_84' title='bbox 1241 1858 1471 1914; x_wconf 84' lang='lat' dir='ltr'><strong>Africum</strong></span> 
     </span>
     <span class='ocr_line' id='line_1_20' title="bbox 235 1927 987 1999; baseline 0.004 -18"><span class='ocrx_word' id='word_1_85' title='bbox 235 1927 589 1981; x_wconf 80' lang='lat' dir='ltr'><strong>decertantem</strong></span> <span class='ocrx_word' id='word_1_86' title='bbox 615 1927 987 1999; x_wconf 84' lang='lat' dir='ltr'><strong>Aquilonibus,</strong></span> 
     </span>
     <span class='ocr_line' id='line_1_21' title="bbox 319 2003 1354 2079; baseline 0.009 -25"><span class='ocrx_word' id='word_1_87' title='bbox 319 2019 416 2055; x_wconf 86' lang='lat' dir='ltr'><strong>nec</strong></span> <span class='ocrx_word' id='word_1_88' title='bbox 431 2003 604 2055; x_wconf 82' lang='lat' dir='ltr'><strong>tristes</strong></span> <span class='ocrx_word' id='word_1_89' title='bbox 625 2004 852 2077; x_wconf 80' lang='lat' dir='ltr'><strong>HyadaS‚</strong></span> <span class='ocrx_word' id='word_1_90' title='bbox 876 2024 972 2060; x_wconf 86' lang='lat' dir='ltr'><strong>nec</strong></span> <span class='ocrx_word' id='word_1_91' title='bbox 991 2007 1188 2061; x_wconf 83' lang='lat' dir='ltr'><strong>rabiem</strong></span> <span class='ocrx_word' id='word_1_92' title='bbox 1209 2010 1323 2064; x_wconf 89' lang='lat' dir='ltr'><strong>Noti</strong></span> <span class='ocrx_word' id='word_1_93' title='bbox 1343 2030 1354 2079; x_wconf 91' lang='lat'>;</span> 
     </span>
     <span class='ocr_line' id='line_1_22' title="bbox 233 2078 930 2149; baseline 0.006 -19"><span class='ocrx_word' id='word_1_94' title='bbox 233 2093 350 2149; x_wconf 88' lang='lat' dir='ltr'><strong>quo</strong></span> <span class='ocrx_word' id='word_1_95' title='bbox 370 2095 476 2131; x_wconf 90' lang='lat' dir='ltr'><strong>non</strong></span> <span class='ocrx_word' id='word_1_96' title='bbox 497 2078 688 2131; x_wconf 84' lang='lat' dir='ltr'><strong>arbiter</strong></span> <span class='ocrx_word' id='word_1_97' title='bbox 708 2080 930 2134; x_wconf 83' lang='lat' dir='ltr'><strong>Hadriae</strong></span> 
     </span>
     <span class='ocr_line' id='line_1_23' title="bbox 315 2152 1325 2226; baseline 0.011 -23"><span class='ocrx_word' id='word_1_98' title='bbox 315 2152 503 2216; x_wconf 86' lang='lat' dir='ltr'><strong>maior,</strong></span> <span class='ocrx_word' id='word_1_99' title='bbox 527 2152 701 2207; x_wconf 78' lang='lat' dir='ltr'><strong>tollere</strong></span> <span class='ocrx_word' id='word_1_100' title='bbox 721 2172 813 2208; x_wconf 91' lang='lat' dir='ltr'><strong>seu</strong></span> <span class='ocrx_word' id='word_1_101' title='bbox 834 2173 1024 2226; x_wconf 83' lang='lat' dir='ltr'><strong>ponere</strong></span> <span class='ocrx_word' id='word_1_102' title='bbox 1048 2158 1160 2211; x_wconf 90' lang='lat' dir='ltr'><strong>vult</strong></span> <span class='ocrx_word' id='word_1_103' title='bbox 1181 2158 1325 2214; x_wconf 89' lang='lat' dir='ltr'><strong>freta.</strong></span> 
     </span>
     <span class='ocr_line' id='line_1_24' title="bbox 232 2226 1071 2303; baseline 0.006 -23"><span class='ocrx_word' id='word_1_104' title='bbox 232 2226 411 2293; x_wconf 86' lang='lat' dir='ltr'><strong>Quem</strong></span> <span class='ocrx_word' id='word_1_105' title='bbox 433 2228 614 2281; x_wconf 88' lang='lat' dir='ltr'><strong>mortis</strong></span> <span class='ocrx_word' id='word_1_106' title='bbox 634 2230 810 2283; x_wconf 88' lang='lat' dir='ltr'><strong>timuit</strong></span> <span class='ocrx_word' id='word_1_107' title='bbox 826 2230 1071 2303; x_wconf 81' lang='lat' dir='ltr'><strong>gradum,</strong></span> 
     </span>
     <span class='ocr_line' id='line_1_25' title="bbox 310 2302 1285 2375; baseline 0.01 -22"><span class='ocrx_word' id='word_1_108' title='bbox 310 2319 407 2372; x_wconf 80' lang='lat' dir='ltr'><strong>qui</strong></span> <span class='ocrx_word' id='word_1_109' title='bbox 430 2302 582 2356; x_wconf 84' lang='lat' dir='ltr'><strong>siccis</strong></span> <span class='ocrx_word' id='word_1_110' title='bbox 600 2303 766 2358; x_wconf 89' lang='lat' dir='ltr'><strong>oculis</strong></span> <span class='ocrx_word' id='word_1_111' title='bbox 787 2313 1016 2360; x_wconf 85' lang='lat' dir='ltr'><strong>monstra</strong></span> <span class='ocrx_word' id='word_1_112' title='bbox 1040 2310 1285 2375; x_wconf 86' lang='lat' dir='ltr'><strong>natantia,</strong></span> 
     </span>
     <span class='ocr_line' id='line_1_26' title="bbox 228 2375 1012 2453; baseline 0.006 -23"><span class='ocrx_word' id='word_1_113' title='bbox 228 2376 335 2448; x_wconf 92' lang='lat' dir='ltr'><strong>qui</strong></span> <span class='ocrx_word' id='word_1_114' title='bbox 357 2375 488 2430; x_wconf 91' lang='lat' dir='ltr'><strong>vidit</strong></span> <span class='ocrx_word' id='word_1_115' title='bbox 507 2394 649 2432; x_wconf 87' lang='lat' dir='ltr'><strong>mare</strong></span> <span class='ocrx_word' id='word_1_116' title='bbox 671 2380 943 2453; x_wconf 82' lang='lat' dir='ltr'><strong>turgidum</strong></span> <span class='ocrx_word' id='word_1_117' title='bbox 962 2390 1012 2435; x_wconf 86' lang='lat' dir='ltr'><strong>et</strong></span> 
     </span>
     <span class='ocr_line' id='line_1_27' title="bbox 311 2450 1229 2523; baseline 0.009 -20"><span class='ocrx_word' id='word_1_118' title='bbox 311 2450 536 2506; x_wconf 87' lang='lat' dir='ltr'><strong>infames</strong></span> <span class='ocrx_word' id='word_1_119' title='bbox 555 2453 796 2523; x_wconf 81' lang='lat' dir='ltr'><strong>scopulos</strong></span> <span class='ocrx_word' id='word_1_120' title='bbox 816 2454 1229 2513; x_wconf 72' lang='lat' dir='ltr'><strong>Acroceraunia?</strong></span> 
     </span>
     <span class='ocr_line' id='line_1_28' title="bbox 220 2525 1012 2597; baseline 0.005 -15"><span class='ocrx_word' id='word_1_121' title='bbox 220 2525 613 2597; x_wconf 85' lang='lat' dir='ltr'><strong>Nequidquam</strong></span> <span class='ocrx_word' id='word_1_122' title='bbox 635 2528 764 2583; x_wconf 90' lang='lat' dir='ltr'><strong>deus</strong></span> <span class='ocrx_word' id='word_1_123' title='bbox 790 2530 1012 2587; x_wconf 84' lang='lat' dir='ltr'><strong>abscidit</strong></span> 
     </span>
     <span class='ocr_line' id='line_1_29' title="bbox 304 2600 1109 2673; baseline 0.011 -21"><span class='ocrx_word' id='word_1_124' title='bbox 304 2600 545 2673; x_wconf 89' lang='lat' dir='ltr'><strong>prudens</strong></span> <span class='ocrx_word' id='word_1_125' title='bbox 566 2603 768 2658; x_wconf 84' lang='lat' dir='ltr'><strong>Oceano</strong></span> <span class='ocrx_word' id='word_1_126' title='bbox 789 2605 1109 2662; x_wconf 85' lang='lat' dir='ltr'><strong>dissociabili</strong></span> 
     </span>
     <span class='ocr_line' id='line_1_30' title="bbox 216 2677 897 2752; baseline 0.007 -22"><span class='ocrx_word' id='word_1_127' title='bbox 216 2685 417 2740; x_wconf 78' lang='lat' dir='ltr'><strong>terras,</strong></span> <span class='ocrx_word' id='word_1_128' title='bbox 441 2677 483 2728; x_wconf 90' lang='lat' dir='ltr'><strong>si</strong></span> <span class='ocrx_word' id='word_1_129' title='bbox 513 2683 685 2732; x_wconf 89' lang='lat' dir='ltr'><strong>tamen</strong></span> <span class='ocrx_word' id='word_1_130' title='bbox 706 2681 897 2752; x_wconf 88' lang='lat' dir='ltr'><strong>impiae</strong></span> 
     </span>
     <span class='ocr_line' id='line_1_31' title="bbox 306 2753 1358 2828; baseline 0.004 -21"><span class='ocrx_word' id='word_1_131' title='bbox 306 2768 419 2807; x_wconf 78' lang='lat' dir='ltr'><strong>non</strong></span> <span class='ocrx_word' id='word_1_132' title='bbox 440 2753 701 2828; x_wconf 81' lang='lat' dir='ltr'><strong>tangenda</strong></span> <span class='ocrx_word' id='word_1_133' title='bbox 727 2761 861 2810; x_wconf 87' lang='lat' dir='ltr'><strong>rates</strong></span> <span class='ocrx_word' id='word_1_134' title='bbox 881 2756 1185 2811; x_wconf 83' lang='lat' dir='ltr'><strong>transiliunt</strong></span> <span class='ocrx_word' id='word_1_135' title='bbox 1205 2757 1358 2812; x_wconf 83' lang='lat' dir='ltr'><strong>vada.</strong></span> 
     </span>
    </p>
   </div>
   <div class='ocr_carea' id='block_1_8' title="bbox 1726 1726 1775 1766">
    <p class='ocr_par' dir='ltr' id='par_1_8' title="bbox 1726 1726 1775 1766">
     <span class='ocr_line' id='line_1_32' title="bbox 1726 1726 1775 1766; baseline 0 0"><span class='ocrx_word' id='word_1_136' title='bbox 1726 1726 1775 1766; x_wconf 89' lang='grc'><strong>10</strong></span> 
     </span>
    </p>
   </div>
   <div class='ocr_carea' id='block_1_9' title="bbox 1721 2105 1769 2147">
    <p class='ocr_par' dir='ltr' id='par_1_9' title="bbox 1721 2105 1769 2147">
     <span class='ocr_line' id='line_1_33' title="bbox 1721 2105 1769 2147; baseline 0.021 -1"><span class='ocrx_word' id='word_1_137' title='bbox 1721 2105 1769 2147; x_wconf 89' lang='grc'><strong>15</strong></span> 
     </span>
    </p>
   </div>
   <div class='ocr_carea' id='block_1_10' title="bbox 1715 2481 1767 2525">
    <p class='ocr_par' dir='ltr' id='par_1_10' title="bbox 1715 2481 1767 2525">
     <span class='ocr_line' id='line_1_34' title="bbox 1715 2481 1767 2525; baseline 0.019 -1"><span class='ocrx_word' id='word_1_138' title='bbox 1715 2481 1767 2525; x_wconf 85' lang='grc'><strong>20</strong></span> 
     </span>
    </p>
   </div>
  </div>
 </body>
</html>
