2081 3169
698 219 994 266 LIBER
1065 221 1110 267 1.

651 496 937 552 ODE
1053 497 1154 554 ΙΙ.

384 614 478 655 ΔΙ)
532 613 930 660 CAESAREM
978 556 1407 661 AUGUSTURJ.

222 827 547 865 Commemoratis
581 827 872 866 calamitatibus
908 834 998 878 post
1033 827 1210 866 Caesaris
1245 833 1410 866 mortem
1443 827 1651 872 insecutis,

98 919 103 921 Α
147 890 255 928 hona
299 897 490 946 precatur
525 890 697 940 imperio
730 893 938 936 Romano,
981 905 1055 941 per
1091 893 1319 940 Augustum
1355 891 1649 930 constituendo.

143 956 271 995 Metr.
296 955 440 993 XVII.

221 1052 344 1116 Iam
365 1062 491 1115 satis
511 1061 662 1115 terris
682 1061 822 1116 nivis
841 1069 998 1134 atque
1015 1062 1160 1118 dirae

220 1136 503 1210 grandinis
523 1137 667 1190 misit
687 1138 823 1190 Patet
839 1180 851 1201 ,
875 1145 926 1191 et
944 1139 1152 1201 rubenti

221 1212 436 1266 dextera
458 1229 631 1266 sacras
653 1211 908 1266 iaculatus
935 1231 1096 1278 arem,

376 1287 560 1341 terruit
582 1287 801 1356 Urbem;

219 1379 408 1432 terruit
427 1386 625 1450 genteS‚
649 1397 811 1452 grave
830 1397 895 1433 ne
914 1379 1106 1434 rediret

221 1453 466 1507 seculum
487 1454 736 1527 Pyrrhae,
762 1472 895 1508 nova
917 1462 1149 1509 monstra
1170 1460 1385 1524 questae

218 1545 382 1584 omne
403 1546 574 1600 quum
596 1529 808 1584 Proteus
828 1535 990 1601 pec'us
1008 1529 1117 1602 egit
1134 1527 1265 1582 altos

280 1637 298 1646 -
374 1603 546 1658 visere
574 1613 791 1669 montes,

217 1697 454 1768 piscium
473 1702 523 1749 et
543 1713 751 1749 summa
771 1713 943 1768 genus
961 1695 1131 1749 haesit
1147 1693 1312 1753 ulmo

216 1779 344 1825 nota
365 1787 503 1841 quae
523 1770 671 1824 sedes
691 1769 857 1824 fuerat
869 1769 1164 1842 palumbis
1154 1813 1165 1838 ‚

215 1855 269 1899 et
292 1845 583 1916 superiecto
605 1845 827 1916 pavidae
852 1853 1101 1900 natarunt

374 1937 600 1991 aequore
624 1920 827 1974 damae.

214 2010 473 2067 Vidimus
491 2008 688 2065 ssavum
708 2011 958 2075 Tiberim,
985 2011 1187 2065 retortis

214 2087 373 2141 litore
392 2085 612 2140 Etrusco
636 2085 888 2140 violenter
905 2086 1083 2150 undiS‚

214 2163 298 2215 ire
318 2160 577 2215 deiectum
597 2169 935 2215 monumenta
957 2162 1096 2234 regis

377 2234 898 2307 templaqueAVestaQ

214 2328 348 2383 Iliae
365 2326 497 2380 dum
519 2344 575 2380 se
595 2326 823 2381 nimium
850 2331 1089 2397 querenti

215 2405 376 2457 iactat
398 2401 640 2465 ultorem,
664 2419 835 2475 vagus
854 2409 903 2455 et
921 2401 1131 2455 sinistra

211 2476 421 2531 labitur
439 2476 571 2546 ripa,
597 2478 719 2531 Iove
739 2494 845 2531 non
863 2476 1134 2547 probante,
1158 2492 1226 2529 u-

373 2551 559 2604 xorius
580 2551 772 2605 amnis.

208 2641 418 2699 Audiet
437 2641 580 2696 cives
597 2642 801 2697 acuisse
819 2641 1038 2705 ferrum,

208 2734 334 2792 quo
351 2734 542 2790 graves
563 2718 746 2772 Persae
767 2716 958 2771 melius
976 2713 1223 2786 perirent,

1321 2803 1426 2853 ΑΞ

1704 1781 1757 1823 10

1702 2172 1755 2215 15

1701 2558 1756 2601 2⁰
