2081 3169
476 210 579 266 288
941 205 1503 256 EPIs'roLARtm

478 312 573 369 sed
589 328 745 367 verae
761 326 1121 381 numerosque
1139 307 1431 379 modosque
1448 306 1678 361 ediscere
1697 307 1854 361 vitae.

370 397 450 444 ¹45
476 386 731 455 Quocirca
750 402 961 440 mecum
982 384 1172 456 loquor
1190 383 1319 437 haec
1335 382 1630 453 tacitusque
1649 382 1914 437 recordor:

479 461 572 516 »Si
592 461 692 516 tibi
718 459 869 516 nulla
885 460 1031 514 sitim
1051 459 1228 513 finiret
1244 458 1394 528 copia
1420 456 1685 531 lymphae,

480 554 757 591 »narrares
782 534 1032 590 medicis:
1098 533 1262 606 quod,
1287 541 1486 604 quanto
1505 531 1656 603 plura
1675 533 1890 602 parasti,

481 630 507 662 n
520 619 662 667 tanto
678 609 835 681 plura
854 610 1026 682 cupis,
1052 607 1258 663 nulline
1276 606 1483 663 faterier
1500 605 1699 660 audes?

478 685 573 740 »Si
591 685 791 743 vulnus
811 685 909 740 tihi
927 690 1214 739 monstrata
1233 682 1407 737 radice
1424 681 1508 738 vel
1529 681 1692 736 herba

372 773 451 815 150
478 777 622 816 »non
643 761 788 815 fieret
806 759 997 825 levius,
1020 757 1230 831 fugeres
1248 757 1423 811 radice
1440 756 1524 812 vel
1550 757 1712 810 herba

481 836 818 907 »proficiente
836 832 973 889 nihil
995 833 1254 888 curarier:
1279 831 1538 896 audieras,
1561 832 1648 886 cui

483 929 510 962 ι)
522 928 635 965 rem
653 910 711 964 dl
731 909 1001 972 donarent,
1025 907 1105 961 illi
1126 906 1372 963 decedere
1391 924 1612 978 pravam

483 984 824 1053 »stultitiam3
865 990 933 1048 et,
958 1000 1132 1055 quum
1151 982 1228 1036 sis
1246 980 1417 1037 nihilo
1436 981 1736 1052 sapientior,
1761 998 1828 1035 ex
1848 1000 1961 1053 quo

482 1059 723 1131 »plenior
741 1076 815 1123 ee,
840 1066 1016 1112 tamen
1037 1058 1203 1112 uteris
1221 1056 1572 1112 monitoribus
1590 1055 1758 1110 isdem
1769 1056 1797 1108 ‘?

375 1146 454 1188 155
478 1152 505 1185 n
517 1133 585 1187 At
604 1134 652 1187 si
671 1132 889 1187 divitiae
907 1131 1223 1204 prudentem
1243 1130 1458 1186 reddere
1478 1137 1708 1203 possent,

482 1227 509 1259 »
520 1208 568 1262 si
587 1206 841 1278 cupidum
863 1207 1222 1280 timidumque
1240 1207 1422 1260 minus
1439 1213 1509 1270 te,
1535 1221 1724 1277 nempe
1743 1206 1982 1273 ruberae,

482 1302 508 1334 ›>
520 1283 721 1338 viveret
738 1282 794 1336 in
812 1283 965 1337 terris
985 1289 1035 1336 te
1055 1283 1102 1335 si
1120 1282 1244 1353 quis
1263 1281 1469 1336 avarior
1493 1297 1622 1335 uno.

482 1357 575 1413 »Si
594 1358 871 1429 proprium
892 1366 987 1420 est,
1012 1355 1158 1427 quod
1185 1355 1310 1427 quis
1338 1354 1472 1409 libra
1492 1362 1757 1409 mercatur
1775 1364 1829 1409 et
1847 1374 1982 1422 aere,

481 1432 799 1505 »quaedam,
823 1433 871 1486 si
891 1430 1060 1486 credis
1080 1428 1354 1495 consulti3‚
1383 1430 1649 1501 mancipat
1664 1447 1831 1500 usus;

373 1519 454 1561 160
479 1508 613 1580 »qui
633 1515 683 1561 te
702 1507 868 1579 pascit
886 1523 1027 1579 ager,
1053 1511 1182 1558 tuus
1202 1513 1298 1569 est,
1322 1513 1372 1559 et
1389 1503 1602 1559 villicus
1622 1504 1771 1569 Orbi,

481 1601 690 1655 »quum
711 1592 910 1655 segetes
928 1587 1071 1635 occat
1090 1579 1189 1635 tibi
1207 1597 1334 1635 mox
1353 1578 1614 1652 frumenta
1634 1579 1874 1646 datumst,

480 1666 565 1713 »te
584 1657 862 1712 dominum
882 1655 1058 1710 sentit.
1137 1656 1240 1709 Das
1260 1672 1528 1720 nummoe‚
1559 1657 1753 1727 accipis
1771 1674 1963 1724 uvam,

481 1731 708 1803 »pullos,
731 1749 849 1796 ova,
873 1730 1067 1784 cadum
1089 1730 1290 1784 temeti:
1332 1748 1523 1802 nempe
1538 1730 1695 1785 modo
1711 1732 1817 1786 isto

483 1805 793 1877 »paullatim
816 1805 1065 1864 mercaris
1078 1822 1288 1878 agrum,
1312 1803 1529 1860 fortasse
1546 1806 1809 1874 trecentis

374 1892 451 1935 165
479 1882 781 1936 »autetiam
800 1897 1354 1952 suprasnummorum
1371 1880 1611 1935 millibus
1630 1888 1865 1937 emtum.

479 1974 505 2006 n
517 1955 658 2021 Quid
676 1953 846 2020 refert,
872 1956 1025 2011 vivas
1045 1962 1319 2009 numerato
1339 1973 1510 2027 nuper
1528 1974 1596 2010 an
1616 1954 1785 2010 olim?

479 2031 699 2083 »Emtor
716 2028 916 2083 Aricini
939 2030 1211 2102 quondam
1232 2030 1464 2086 Veientis
1488 2038 1540 2085 et
1558 2031 1672 2086 arvi

480 2111 718 2159 »emtum
744 2113 925 2160 coenat
941 2104 1079 2170 olus,
1102 2107 1354 2177 quamvis
1379 2106 1528 2160 aliter
1544 2113 1722 2176 putat3
1767 2111 1930 2164 emtis

481 2180 619 2234 »sub
638 2187 843 2235 noctem
862 2180 1094 2253 gelidam
1116 2180 1562 2254 lignisoalefactat
1581 2181 1821 2237 ahenum
1837 2202 1851 2253 3

372 2266 449 2308 170
476 2254 607 2309 »sed
625 2262 774 2310 vocat
790 2273 965 2327 usque
984 2273 1165 2321 suum,
1196 2274 1304 2328 qua
1323 2255 1555 2328 populus
1578 2256 1748 2311 adsita
1771 2259 1937 2313 certis

481 2329 779 2385 »limitibus
796 2331 973 2386 vicina
998 2331 1193 2404 refugit
1218 2331 1419 2404 iurgia:
1461 2338 1740 2403 tamquam
1797 2346 1808 2353 ·

479 2405 584 2459 »sit
602 2405 879 2477 proprium
912 2406 1231 2479 quidquam,
1263 2413 1457 2477 puncto
1476 2406 1623 2478 quod
1651 2408 1879 2463 mobilis
1898 2409 1998 2463 ho—

1470 2498 1558 2535 rae

477 2570 661 2629 »nunc
685 2570 855 2626 prece,
885 2572 1031 2611 nunc
1057 2556 1242 2627 pretio,
1277 2573 1423 2611 nunc
1443 2556 1515 2619 vi,
1540 2573 1688 2610 nunc
1707 2564 1889 2614 morte
1907 2575 1998 2614 su-

1472 2647 1657 2701 prema

264 2740 447 2843 ..x
479 2709 778 2773 »permutet
796 2703 1038 2761 dominos
1058 2712 1107 2761 et
1125 2705 1275 2760 cedat
1293 2705 1349 2760 in
1370 2703 1531 2761 altera
1549 2705 1691 2762 iura.
