2081 3169
577 224 720 270 LIB.
758 225 803 270 1.
861 227 1106 275 EPIST.
1147 229 1236 275 VI.
1330 188 1340 197 ·
1557 222 1658 280 247

160 320 438 394 Quidquid
463 326 566 380 sub
588 335 720 380 terra
746 335 839 392 est,
867 329 923 381 in
944 330 1182 398 apricum
1202 328 1423 400 proferet
1442 339 1600 397 aetaS,

162 398 387 452 defodiet
405 401 696 473 condetque
716 403 951 458 nitentia.
1030 404 1210 470 Quum
1231 405 1362 459 bene
1383 416 1566 461 notum

160 474 392 544 porticus
414 476 677 548 Agrippae
704 486 754 531 et
775 479 860 532 via
880 487 929 532 te
947 480 1277 549 conspexerit
1294 481 1450 551 Appi,

162 549 237 602 ire
257 556 430 604 tamen
452 561 625 617 restat,
652 555 825 607 Numa
844 572 951 625 quo
971 554 1182 609 devenit
1200 562 1250 607 et
1270 554 1466 610 AnGuS.

161 623 213 677 Si
237 623 374 677 latus
395 635 486 680 aut
505 646 655 682 renes
676 630 858 684 morbo
881 638 1144 684 tentantur
1164 637 1331 692 acum,

158 716 353 770 quaere
370 698 553 777 fugam
575 706 763 759 morbi.
844 706 936 761 Vis
957 715 1091 759 recte
1111 704 1323 832 viverss‘?
1341 736 1415 744 —
1432 708 1555 776 quis

1149 797 1254 834 non
1308 810 1383 821 —

159 855 206 908 si
227 855 402 908 virtus
425 854 526 907 hoc
543 872 648 908 una
669 863 836 926 potest
855 855 995 920 dare,
1022 854 1168 908 sortis
1186 855 1399 909 omissis

158 929 260 983 hoc
279 947 377 1001 age
397 929 617 983 deliciis.
676 931 952 986 'Virtutem
976 931 1134 984 verba
1155 938 1324 1001 putaS‚
1352 938 1410 983 ut

157 1004 343 1059 lucum
366 1004 546 1077 ligna?
583 1005 738 1068 Cave,
765 1024 830 1059 ne
850 1014 1031 1077 portus
1051 1014 1264 1077 occupet
1284 1004 1429 1070 alter,

157 1098 227 1134 ne
246 1080 562 1153 Cibyratica,
597 1098 662 1133 ne
680 1081 906 1154 Bithyna
932 1082 1137 1154 negotia
1157 1081 1370 1153 perdas;

156 1155 307 1209 mille
328 1154 516 1208 talenta
537 1155 897 1220 rotundentur,
923 1157 1132 1210 totidem
1156 1157 1332 1226 altera,
1357 1172 1510 1226 porro
1530 1166 1579 1209 et

154 1231 306 1284 tertia
328 1230 622 1294 succedant,
645 1239 695 1284 et
714 1249 848 1302 quae
868 1249 988 1302 pars
1009 1232 1229 1303 quadret
1254 1248 1522 1286 acervum.

154 1305 363 1360 Scilicet
381 1323 598 1359 uxorem
619 1324 740 1359 cum
762 1306 896 1372 dote,
925 1307 1207 1379 fidemque,
1233 1315 1282 1360 et
1299 1307 1511 1371 amicos,

153 1390 205 1434 et
223 1399 413 1453 genus,
438 1388 489 1433 et
506 1379 726 1434 sormam
753 1382 932 1454 regina
952 1383 1174 1452 pecunia
1195 1381 1370 1444 donat,

153 1474 217 1511 ac
237 1457 370 1510 bene
390 1464 723 1510 nummatum
745 1456 948 1510 decorat
966 1455 1189 1510 Suadela
1211 1456 1513 1523 Venusque.

151 1531 435 1602 Mancipiis
458 1530 686 1603 locuples
706 1539 821 1605 eget
840 1532 971 1587 aeris
993 1531 1325 1601 Capadocum
1344 1526 1472 1581 rex‘?

151 1610 233 1662 Ne
252 1607 416 1661 fueris
436 1607 620 1661 hictu.
700 1608 1018 1681 Chlamydes
1039 1606 1313 1670 Lucullus,
1340 1613 1398 1657 ut
1415 1604 1582 1670 aiunt,

152 1683 200 1736 si
221 1691 400 1753 posset
417 1690 628 1736 centum
653 1700 836 1737 scenae
860 1683 1124 1754 praebere,
1158 1690 1389 1753 rogatus,

151 1762 289 1829 »qui
335 1775 556 1828 possum
593 1757 734 1812 tot‘?«
771 1759 869 1813 ait:
930 1777 956 1810 >2
969 1766 1142 1812 tamen
1179 1764 1229 1809 et
1266 1771 1533 1826 quaeram,
1576 1763 1643 1820 et,

1144 1831 1288 1904 quod
1308 1830 1527 1894 habcbO,

152 1928 179 1959 2>
193 1907 401 1961 mittam
417 1926 428 1975 ;
444 1927 468 1960 α
506 1915 625 1979 post
644 1907 821 1978 paullo
839 1908 1038 1973 scribit,
1063 1908 1165 1962 sibi
1187 1907 1353 1961 millia
1372 1906 1612 1978 quinque

151 2000 272 2037 esse
291 1982 436 2037 domi
455 1982 828 2057 chlamydum;
868 1992 1088 2055 partem,
1116 1983 1197 2039 vel
1220 1983 1417 2038 tolleret
1433 2000 1635 2036 omnes.

146 2057 527 2112 Exilisdomus
547 2066 640 2122 est,
664 2059 759 2113 ubi
779 2075 884 2113 non
906 2066 956 2113 et
974 2059 1140 2113 multa
1162 2065 1463 2130 supersunt,

146 2142 199 2187 et
219 2133 501 2186 dominum
522 2131 728 2199 fallunt,
752 2141 803 2187 et
824 2144 1047 2204 prosunt
1066 2134 1295 2188 furibus.
1373 2134 1513 2203 Ergo

146 2209 194 2261 si
219 2225 303 2261 res
324 2207 433 2262 sola
453 2216 618 2280 potest
632 2208 796 2263 facere
815 2217 866 2262 et
883 2226 1090 2264 servare
1116 2210 1345 2271 beatum,

145 2283 251 2336 hoc
268 2283 477 2353 primus
497 2292 696 2354 repetas
714 2302 866 2355 opus,
891 2284 991 2338 hoc
1009 2291 1304 2354 postremus
1328 2281 1556 2335 omittas,

148 2357 205 2411 Si
228 2357 557 2411 fortunatum
576 2360 774 2429 species
792 2367 843 2413 et
860 2359 1025 2431 gratia
1045 2364 1285 2429 praestat,

147 2450 448 2486 mercemur
473 2451 706 2499 servum,
736 2434 832 2506 qui
852 2434 1010 2488 dictet
1028 2432 1262 2495 nomina,
1286 2430 1496 2484 laevum

146 2508 244 2578 qui
267 2506 457 2561 fodicet
476 2507 628 2574 latuS,
652 2517 702 2563 et
718 2516 868 2582 cogat
887 2516 1030 2562 trans
1049 2507 1277 2578 pondera
1295 2505 1532 2559 dextram

144 2582 436 2655 porrigere.
515 2584 648 2639 »Hio
672 2584 904 2639 multum
934 2584 988 2637 in
1013 2582 1178 2637 Fabia
1205 2581 1356 2646 valet,
1390 2580 1479 2635 ille
1505 2580 1645 2637 Veli-

1139 2675 1234 2724 na;

144 2732 274 2787 »cui
294 2730 425 2787 libet
443 2732 490 2787 is
508 2730 673 2789 fasces
692 2732 855 2800 dabit,
879 2732 1169 2806 eripietque
1186 2732 1386 2799 curule,

1714 418 1766 461 25

1714 866 1765 908 30

1711 1241 1761 1284 35

1709 1614 1760 1659 40

1703 2442 1754 2483 50
