2081 3169
342 504 393 547 30

342 878 392 920 35

338 2386 388 2428 10

457 167 552 220 488
958 172 1440 218 SATYRARUM

450 267 648 322 flumen
675 276 735 324 ut
753 270 1062 336 hibernum,
1091 270 1254 325 fertur
1272 289 1379 343 quo
1399 288 1513 325 rara
1532 271 1749 325 securis.

450 344 588 397 Tum
608 343 976 400 Praenestinus
1005 345 1145 400 salso
1161 346 1436 418 multoque
1455 345 1634 399 fluenti

448 434 694 489 expraesa
712 420 928 475 arbusto
947 421 1137 493 regerit
1161 422 1413 486 convicia,
1444 421 1611 474 durus

451 493 800 550 vindemiator
818 506 868 550 et
891 495 1139 561 invictuS,
1171 496 1258 550 oui
1275 513 1428 567 saepe
1446 496 1611 549 viator

449 569 704 635 oaesisset,
730 589 922 644 magna
942 571 1262 642 compellans
1284 589 1410 625 voce
1427 569 1694 623 cuculum.

449 643 517 697 At
537 644 785 709 Graecum
807 653 1091 717 postquam
1110 654 1188 700 est
1207 646 1333 700 italo
1352 644 1597 717 perfusus
1618 646 1808 706 aceto?

450 720 658 773 Persius
677 720 961 774 exclamat:
1003 722 1128 774 »Per
1149 738 1386 793 magnos,
1410 722 1582 782 Brute,
1613 717 1739 771 deos
1765 725 1815 771 te

450 811 574 848 »oro
590 795 601 846 !
645 796 743 865 qui
762 813 909 868 reges
929 796 1200 850 consueris
1217 795 1410 861 tollere,
1433 812 1530 848 cur
1546 811 1652 848 non

450 868 631 923 »huno
652 870 848 944 Regem
868 869 1118 943 iugulas?
1162 869 1395 942 Operum
1435 871 1535 930 hoo
1550 911 1562 932 ,
1601 868 1739 921 mihi
1769 868 1948 935 crede,

1328 954 1537 1000 tuorum
1555 949 1652 999 aet.
1664 964 1691 996 «

791 1159 1298 1218 SATYRA
1388 1160 1598 1217 V111.

519 1394 683 1434 Inducit
708 1395 900 1446 Priapum
928 1403 1171 1440 narrantem,
1200 1396 1527 1445 quemadmodum
1551 1396 1705 1434 viderit
1735 1398 1947 1436 Canidiam

451 1461 718 1508 Saganamque
746 1458 789 1496 in
818 1458 1012 1507 sepulcris
1042 1467 1143 1496 aues
1170 1458 1338 1507 magicas
1365 1465 1610 1504 exercentes,
1631 1467 1670 1498 et
1690 1474 1769 1511 qua
1788 1463 1950 1499 ratione

451 1536 512 1560 ens
532 1523 576 1560 in
591 1522 725 1571 fugam
745 1521 974 1559 coniecerit.

524 1614 680 1679 Olim
701 1630 919 1678 truncus
939 1641 1083 1678 eram
1104 1622 1354 1689 (iculum,
1379 1623 1565 1678 inutile
1585 1621 1817 1695 lignum,

448 1718 619 1771 quum
639 1698 801 1763 faber,
833 1700 1062 1754 incertus
1082 1716 1361 1753 scamnum
1388 1698 1641 1753 faceretne
1667 1698 1944 1770 Priapum,

448 1775 636 1830 maluit
663 1792 777 1829 esse
804 1774 983 1829 deum.
1064 1775 1202 1828 Deus
1232 1773 1355 1829 inde
1381 1791 1496 1847 eg0‚
1524 1772 1707 1827 furum
1732 1774 1943 1828 avium-

1423 1865 1529 1921 que

446 1925 681 1979 maxima
699 1923 949 1979 formido:
994 1941 1119 1977 nam
1140 1922 1281 1978 fures
1300 1923 1482 1978 dextra
1501 1932 1697 1978 coercet

446 1999 807 2071 obscoeneque
823 2000 982 2054 ruber
997 2006 1264 2070 porrectus
1285 1999 1351 2053 ab
1373 1999 1594 2072 inguine
1613 1997 1768 2069 palus
1786 2024 1795 2033 ·

446 2082 525 2127 ast
545 2075 874 2145 importunas
902 2074 1140 2131 volucres
1160 2074 1217 2127 in
1238 2074 1428 2129 vertice
1447 2075 1653 2129 arundo

445 2144 598 2203 terret
619 2150 723 2204 fixa
742 2157 986 2221 vetatque
1011 2150 1166 2203 novis
1184 2149 1452 2204 considere
1473 2150 1528 2204 in
1549 2150 1736 2203 hortis,

444 2226 560 2280 Huc
577 2225 727 2296 prius
747 2226 986 2296 angustis
1007 2225 1164 2278 eiecta
1185 2223 1436 2279 cadavera
1453 2224 1600 2278 cellis

446 2318 732 2355 conservus
754 2299 849 2354 vili
871 2299 1123 2370 portanda
1144 2298 1345 2354 locabat
1363 2300 1419 2354 in
1441 2318 1578 2354 arca.

448 2377 555 2429 Hoc
574 2375 799 2430 miserae.
811 2374 953 2446 plebi
971 2375 1142 2429 stabat
1158 2391 1438 2429 oommune
1461 2373 1785 2445 sepulcrum,

446 2449 730 2506 Pantolabo
747 2467 958 2506 scurrae
976 2451 1410 2521 Nomentanoque
1430 2450 1624 2521 nepoti.

445 2524 590 2577 Mille
606 2525 764 2594 pedes
785 2526 841 2578 in
859 2523 1045 2590 fronte,
1069 2532 1321 2580 trecentos
1341 2525 1529 2595 cippus
1548 2525 1604 2579 in
1626 2542 1817 2595 agrum

445 2597 536 2650 hie
554 2598 736 2663 dabat,
779 2598 995 2653 heredes
1015 2608 1422 2654 monumentum
1443 2617 1510 2654 ne
1533 2608 1863 2671 sequeretur.

446 2672 495 2726 N
498 2688 603 2725 uno
622 2671 739 2726 licet
755 2673 1026 2745 Exquiliis
1044 2675 1281 2730 hahitare
1298 2674 1621 2741 salubribuS‚
1646 2681 1806 2747 atque
