2081 3169
416 258 482 308 38
965 250 1368 300 ODARUM

788 552 837 607 Ο
898 549 958 605 D
1018 546 1072 604 E
1189 539 1560 599 XXXVI.

589 671 668 715 IN
712 665 1054 712 ΗοΝοκΕΜ
1096 661 1352 707 ΡιοΤιι
1403 658 1755 703 Nummus.

423 879 655 918 Adventum
683 874 767 912 eius
794 885 843 909 ex
870 871 1068 920 Hispania
1094 868 1216 906 hilari
1247 865 1431 904 convivio
1460 872 1495 902 et
1523 862 1600 902 sibi
1630 870 1666 901 et
1691 864 1870 903 Lamiae
1903 874 1952 904 et

541 938 700 979 Dumali
717 939 917 985 ansoque
936 935 1216 971 celebrandum
1237 945 1319 968 esse
1338 930 1558 967 contendit.
1606 932 1731 967 Men·-
1753 930 1808 965 V.

503 1033 580 1095 Et
599 1040 751 1092 thure
770 1044 818 1090 et
840 1035 1035 1088 fidibus
1059 1034 1204 1087 iuvat

579 1114 799 1186 placare,
826 1120 874 1165 et
904 1109 1052 1163 vituli
1075 1107 1334 1181 sanguine
1353 1105 1527 1160 debito

507 1189 747 1244 custodes
770 1185 1028 1240 Numidae
1048 1184 1189 1247 deos,

581 1265 674 1336 qui
700 1279 841 1316 nune
864 1260 1105 1330 Hesperia
1129 1275 1306 1329 sospes
1325 1257 1391 1324 ab
1417 1255 1638 1321 ultima„

324 1355 346 1396 5
506 1342 639 1395 caris
662 1337 825 1392 multa
847 1335 1135 1399 sodalibus,

584 1415 714 1470 nulli
739 1415 886 1484 plura
910 1420 1082 1463 tamen
1110 1407 1301 1462 dividit
1316 1405 1509 1469 oscula,

509 1509 670 1564 quam
695 1489 835 1542 dulci
858 1487 1085 1546 Lamiae,
1111 1501 1313 1537 memor

585 1575 724 1621 actae
747 1582 847 1617 non
871 1561 972 1615 alio
992 1577 1110 1632 rege
1137 1558 1383 1630 puertiae,

511 1651 843 1710 mutataeque
863 1635 1022 1690 simul
1048 1645 1214 1709 togae.

329 1730 380 1772 10
589 1717 770 1771 Cressa
795 1732 857 1767 ne
877 1721 1044 1766 careat
1062 1709 1280 1781 pulchra
1300 1707 1412 1761 dies
1432 1712 1576 1760 nota:

514 1810 614 1845 neu
640 1797 868 1860 promtae
891 1786 1078 1840 modus
1099 1785 1396 1854 amphorae,

590 1884 690 1918 neu
717 1881 913 1917 morem
938 1862 988 1915 in
1013 1860 1215 1914 Salium
1237 1859 1305 1913 sit
1325 1857 1533 1928 requies
1552 1852 1751 1925 pedum
1773 1873 1785 1907 :

516 1959 616 1994 neu
643 1939 790 1993 multi
814 1936 1044 1991 Damalis
1070 1935 1202 1988 meri

590 2017 809 2068 Bassum
833 2012 1068 2065 Threicia
1093 2011 1268 2064 vincat
1289 2004 1573 2081 amystide:

334 2106 384 2147 15
517 2109 619 2145 neu
642 2090 813 2143 desint
833 2087 1003 2158 epulis
1026 2104 1189 2149 rosae,

596 2184 695 2219 neu
721 2166 877 2217 vivax
897 2164 1097 2233 apium,
1125 2178 1226 2214 neu
1247 2159 1404 2213 breve
1425 2155 1613 2209 lilium.

519 2243 715 2296 Omnes
740 2241 791 2292 in
819 2237 1054 2292 Damalin
1077 2245 1255 2307 putres

595 2318 854 2387 deponent
871 2313 1077 2380 oculos3
1123 2327 1218 2365 nec
1236 2306 1465 2363 Damalis
1484 2320 1621 2359 novo

520 2392 797 2447 divelletur
823 2388 1076 2452 adulterO,

337 2483 389 2526 20
600 2468 812 2521 lascivis
833 2464 1040 2518 hederis
1061 2458 1405 2515 ambitiosior.

257 2705 479 2888 ’h

1030 2646 1361 2656 ——-—-
