2081 3169
303 672 357 716 75

305 1119 359 1163 8⁰

408 184 511 240 200
914 189 1393 236 SATYRARUM

411 288 554 356 Quin
572 289 664 343 ubi
685 304 743 343 se
762 305 791 342 a
810 287 974 362 vulgo
991 296 1043 344 et
1061 307 1216 344 scena
1243 291 1298 344 in
1317 299 1507 344 secreta
1527 299 1792 347 remorant

413 364 585 420 virtus
609 363 879 434 Scipiadae
898 371 949 418 et
970 365 1112 418 mitis
1137 365 1389 435 sapientia
1410 365 1579 430 Laeli,

412 438 604 511 nugari
625 455 747 493 cum
767 438 858 493 illo
875 446 925 492 et
943 439 1183 493 discincti
1206 440 1400 504 ludere,
1422 440 1585 494 donec

410 513 787 586 decoqueretur
804 514 941 580 olus»,
966 514 1124 568 soliti.
1161 513 1436 586 Quidquid
1453 533 1574 569 sum
1583 533 1698 588 eg0,
1712 535 1910 589 quam—

1399 608 1481 643 vis

415 661 552 717 infra
569 662 738 717 Lucili
759 680 977 717 censum
996 663 1396 736 ingeniumque,
1421 671 1591 718 tamen
1613 682 1698 718 me

414 755 538 792 cum
558 738 767 811 magnis
785 738 986 793 vixisse
1005 738 1168 793 invita
1190 737 1432 792 fatebitur
1454 756 1623 810 usque

413 812 633 876 invidia,
658 820 707 866 et
726 811 898 885 fragili
925 831 1182 885 quaerens
1205 812 1402 866 illidere
1421 813 1646 877 dentem,

413 886 636 941 offendet
652 887 846 942 solido:
890 889 992 941 nisi
1014 887 1147 958 quid
1165 895 1240 951 tu,
1264 887 1409 941 docte
1430 888 1652 951 Trebati,
1725 907 1728 912 ·

413 961 679 1016 dissentis.
744 980 884 1016 rnen.
904 962 1169 1033 Equidem
1189 961 1324 1016 nihil
1345 962 1470 1016 hinc
1487 961 1764 1035 diffingere
1783 981 1912 1034 pos-

1393 1055 1535 1090 sum.

414 1109 517 1165 Sed
537 1118 727 1174 tamen,
752 1116 812 1164 ut
829 1112 1064 1166 monitus
1089 1114 1291 1176 caveas,
1317 1128 1382 1166 ne
1401 1111 1528 1166 forte
1554 1116 1729 1184 negoti

412 1185 632 1239 incutiat
651 1185 746 1237 tibi
771 1185 905 1256 quid
923 1194 1222 1241 sanctarum
1245 1187 1448 1242 inscitia
1470 1185 1674 1259 legum3

414 1261 462 1313 si
482 1258 619 1315 mala
639 1259 926 1315 condiderit
947 1262 1002 1316 in
1022 1279 1184 1334 quem
1203 1262 1327 1334 quis
1348 1262 1597 1326 carmina,
1621 1262 1708 1315 ius
1727 1269 1807 1315 est

332 1409 347 1428 f
413 1334 797 1408 iudiciumque.
875 1355 991 1392 non.
1022 1338 1166 1401 Esto,
1200 1337 1248 1390 si
1277 1337 1400 1408 quis
1427 1336 1592 1391 mala:
1645 1336 1741 1390 sed
1765 1336 1906 1391 bona

306 1568 358 1614 85

304 2556 331 2601 5

414 1485 587 1539 iudice
605 1485 894 1540 condiderit
914 1485 1157 1540 laudatus
1177 1430 1444 1540 Caesare?
1464 1429 1660 1557 tigililsuis

413 1560 706 1632 opprobriis
729 1560 953 1634 dignum
976 1561 1253 1627 latraverit,
1280 1562 1478 1635 integer
1494 1560 1642 1633 ipse‘?

414 1654 554 1691 rann.
575 1636 660 1692 Sol
669 1644 855 1692 ventur
873 1638 985 1692 risu
1007 1636 1231 1702 tabulae,
1255 1644 1313 1691 tu
1331 1637 1528 1692 missus
1548 1636 1740 1690 abibis.

815 1849 1314 1909 SATYRA
1405 1853 1506 1909 11.

413 2087 594 2126 oronam
619 2088 815 2138 quendam
832 2087 1036 2126 rusticum
1063 2087 1286 2126 introducit
1310 2100 1402 2126 mae
1428 2088 1566 2127 uetanti:
1585 2090 1788 2128 luxuriem
1810 2106 1910 2131 ear..

488 2157 667 2201 pentem,
678 2158 937 2201 veterumque
952 2151 1162 2189 hominum
1179 2151 1448 2199 frugalitatem
1468 2155 1824 2193 commendantem.

488 2239 648 2316 Quae
667 2251 854 2316 virtuS,
880 2259 929 2305 et
948 2259 1163 2324 quanta,
1192 2251 1337 2317 boni,
1364 2252 1432 2305 sit
1451 2252 1628 2307 vivere
1644 2270 1813 2324 parvo
1832 2286 1913 2298 —

414 2340 510 2379 neo
528 2342 679 2379 meus
698 2326 785 2379 hic
803 2344 974 2381 sermo
993 2334 1087 2389 est,
1111 2326 1204 2380 sed
1225 2343 1360 2397 quae
1379 2328 1638 2400 praecepit
1655 2327 1882 2384 Ofellus

411 2399 658 2463 rusticuS,
683 2400 950 2454 abnormis
971 2401 1181 2473 sapiens
1200 2418 1479 2473 crassaque
1499 2403 1737 2458 Minerva
1753 2435 1834 2446 —-

412 2470 610 2537 discite,
640 2491 746 2528 non
766 2475 897 2529 inter
918 2473 1092 2530 lances
1110 2494 1427 2547 mensasque
1446 2477 1685 2543 nitenteS,

414 2562 584 2616 quum
605 2555 779 2619 stupet
797 2550 998 2603 insanis
1017 2551 1153 2604 acies
1171 2547 1487 2624 fulgoribuS,
1512 2559 1562 2606 et
1579 2569 1752 2624 quum

415 2619 628 2674 acclinis
653 2620 798 2675 falsis
816 2623 1028 2678 animus
1049 2625 1264 2680 meliora
1290 2633 1518 2696 recusat3

417 2709 603 2747 verum
622 2693 711 2748 hic
728 2696 985 2768 impransi
1007 2716 1219 2756 mecum
1236 2700 1529 2776 disquirite.
1612 2702 1722 2760 Cur
1746 2702 1893 2761 hoc?

314 2788 473 2901 xxi
