2081 3169
461 209 562 265 246
967 211 1452 260 8ΑΤῩΒΑΒΠΜ

461 314 606 386 gnati
630 311 872 378 infelicia,
898 313 1004 368 sibi
1020 322 1137 368 tum
1156 313 1355 369 furiosa
1372 310 1615 368 videtur?

354 399 431 442 305
457 407 571 442 aon.
596 387 829 443 Stultum
850 405 936 443 me
954 387 1115 444 fateor
1132 419 1207 429 —
1225 386 1375 442 lioeat
1391 386 1669 442 concedere
1686 387 1828 441 veris
1846 419 1918 428 —

463 470 622 534 atque
640 464 798 517 etiam
818 464 1096 531 insanum;
1126 470 1331 518 tantum
1349 463 1452 517 hoo
1473 462 1718 526 edissere,
1743 479 1853 533 quo
1873 480 1952 517 me

460 545 724 610 aegrotare
743 546 892 609 putes
912 539 1079 593 animi
1096 538 1247 592 vitio.
1325 554 1446 594 ou.
1470 537 1686 608 Accipe:
1716 537 1951 608 primum

460 613 721 678 aedificata,
745 613 845 668 hoo
867 620 962 679 est,
985 612 1171 687 longos
1197 612 1439 677 imitaris,
1465 612 1532 667 ab
1552 612 1660 667 imo

461 687 528 742 ad
547 704 823 742 summum
843 696 982 744 totus
1002 687 1206 744 moduli
1229 686 1514 759 bipedalis3
1555 694 1606 741 et
1625 686 1768 741 idem

353 773 431 815 310
457 779 670 835 corpore
688 763 939 819 maiorem
966 763 1108 818 rides
1126 763 1390 818 Turbonis
1409 762 1468 817 in
1491 761 1653 816 armis

459 838 707 909 spiritum
725 846 776 892 et
794 839 1086 893 incessum:
1129 842 1224 910 qui
1246 836 1503 892 ridiculus
1527 836 1709 891 minus
1730 835 1859 891 illo‘l

457 911 542 969 An
570 913 947 986 quodcumque
977 912 1100 967 facit
1125 913 1420 977 Maecenas,
1462 927 1511 967 te
1530 928 1746 984 quoque
1766 929 1950 967 verum

1445 996 1522 1041 est

458 1069 661 1116 tantum
682 1061 997 1117 dissimilem
1016 1069 1066 1117 et
1086 1069 1226 1120 lanto
1243 1069 1437 1116 certare
1454 1060 1748 1116 minorem?

458 1136 705 1191 Absentis
724 1154 882 1191 ranae
899 1136 1062 1209 pullis
1084 1137 1236 1192 vituli
1256 1136 1390 1208 pede
1408 1136 1622 1209 pressiS,

350 1221 428 1264 315
456 1228 599 1265 unus
619 1211 713 1266 ubi
734 1211 935 1285 effugit,
958 1212 1113 1267 matri
1131 1211 1389 1276 denarrat,
1415 1220 1474 1267 ut
1493 1212 1679 1285 ingens

455 1284 633 1340 bellua
651 1293 897 1359 cognatos
924 1287 1140 1341 eliserit.
1220 1285 1314 1342 Illa
1336 1304 1534 1360 rogare,

455 1360 758 1432 quantana?
782 1379 914 1416 num
935 1369 1159 1426 tantum,
1183 1359 1402 1416 sufflans
1423 1379 1497 1426 se,
1518 1378 1713 1434 magna
1732 1359 1952 1416 fuisset?

456 1442 491 1490 Ἰ
510 1436 675 1492 Maior
701 1435 943 1493 dimidio.
986 1443 1019 1492 ¹1
1045 1437 1190 1492 Num
1214 1435 1456 1492 tantum?
1477 1466 1553 1479 —
1571 1435 1754 1502 Quum
1781 1438 1950 1510 magis

771 1551 782 1563 .
1445 1519 1603 1584 atque

454 1602 512 1640 se
531 1587 702 1660 magis
721 1586 949 1642 inflaret:
992 1606 1018 1638 n
1030 1588 1217 1653 Nomai
1233 1595 1283 1642 te
1299 1588 1524 1660 ruperis,
1538 1609 1564 1641 α
1581 1587 1779 1659 inquit,

348 1670 428 1715 320
454 1679 480 1711 >2
490 1678 587 1732 par
605 1662 767 1716 erim
841 1664 979 1718 Haeo
1003 1681 1034 1717 a
1062 1670 1114 1717 te
1140 1680 1247 1718 non
1268 1662 1499 1718 multum
1522 1661 1730 1717 abludit
1758 1663 1951 1736 imago.

455 1735 606 1791 Adde
614 1745 854 1809 poemata
875 1754 1036 1803 nunc,
1060 1738 1163 1793 hoo
1181 1745 1277 1804 est,
1301 1738 1478 1794 oleum
1497 1737 1632 1793 adde
1649 1738 1865 1794 camino
1881 1758 1894 1808 3

452 1828 591 1882 quae
612 1813 802 1884 siquis
820 1829 983 1868 sanus
1003 1812 1140 1878 fecit,
1163 1831 1326 1869 sanus
1344 1813 1472 1870 facia
1495 1821 1547 1868 et
1563 1820 1642 1868 tu.

453 1886 571 1941 Non
595 1886 714 1942 dioo
732 1888 1049 1946 horrendam
1071 1888 1310 1944 rabiem..
1344 1932 1354 1943 .
1388 1932 1400 1945 .
1431 1931 1446 1944 .
1521 1906 1638 1944 noa.
1670 1888 1787 1943 Iam
1817 1888 1959 1943 desi-

1435 1964 1526 2019 nel
1567 1980 1690 2019 nu.
1714 1962 1924 2019 cultum

452 2035 704 2091 maiorem
723 2055 912 2107 oensu;
955 2057 1071 2093 non.
1093 2039 1136 2093 T
1137 2056 1311 2105 eneae,
1334 2039 1666 2110 Damasippo,
1689 2038 1802 2093 tuis
1823 2047 1893 2095 te.

345 2117 423 2162 325
448 2127 570 2166 mn.
594 2111 741 2166 mille
757 2113 1073 2184 puellarum,
1098 2131 1383 2186 puerorum
1402 2113 1548 2168 mille
1563 2112 1770 2168 furores
1799 2156 1810 2169 .
1843 2155 1854 2168 .
1888 2154 1899 2167 .

450 2204 566 2242 non.
589 2186 635 2242 Ο
654 2188 837 2255 maior,
865 2189 1080 2245 tandem
1097 2206 1298 2261 parcas,
1329 2189 1530 2254 insane,
1555 2186 1774 2243 minori.
