2081 3169
676 202 969 249 LIBER
1045 203 1120 247 11.
1586 199 1650 250 65

222 303 467 365 Divesne,
490 300 664 370 prisco
684 307 840 354 natus
858 301 926 355 ab
944 302 1154 366 Inach0,

222 375 298 430 nil
320 377 549 438 interest,
574 393 641 429 an
660 392 860 445 pauper
880 384 930 429 et
948 376 1133 429 infima

296 451 364 504 de
380 457 534 521 gente
554 449 657 503 sub
676 449 801 504 divo
826 450 1046 504 moreris

373 525 590 580 victima
609 524 687 578 nil
709 525 1009 582 miserantis
1027 523 1170 578 Orci.

222 617 424 671 Omnes
442 615 626 669 eodem
646 617 913 687 cogimur:
955 618 1198 670 omnium
1704 629 1756 672 25

220 695 464 745 ‘versatur
482 708 614 745 urna
637 691 806 744 serius
825 691 974 745 ocius

296 784 411 820 sors
431 766 638 820 exitura
658 773 717 823 et,
729 783 825 820 nos
843 768 900 820 in
926 772 1099 819 aetern
1107 784 1196 820 um

373 840 624 894 exsilium
645 841 955 913 impositura
973 841 1215 914 cymbae.

634 1124 684 1180 0
743 1123 804 1179 D
862 1123 915 1178 E
1031 1125 1160 1181 IV.

432 1240 525 1283 An
570 1240 973 1286 xANTfflAm
1020 1244 1372 1287 Pnocmm

213 1449 426 1488 Xanthia
443 1460 616 1485 morem
632 1448 835 1497 Phyllidis
855 1448 1023 1486 ancillae
1044 1449 1177 1487 laudat
1197 1456 1236 1486 et
1254 1449 1411 1498 probat,
1436 1449 1556 1487 simul
1575 1449 1647 1487 in-

147 1528 292 1558 nuens,
302 1513 418 1551 illam
435 1525 517 1549 non
536 1510 668 1548 videri
686 1510 833 1548 humili
851 1512 938 1548 loco
958 1516 1107 1554 natam,
1123 1516 1287 1560 propter
1305 1510 1476 1559 egregins
1497 1517 1536 1548 ot
1552 1505 1646 1548 'ani-

147 1578 199 1615 mi
221 1587 261 1616 ct
282 1576 463 1627 corporis
484 1576 608 1612 dotes.
657 1576 780 1613 Metr.
799 1573 938 1612 XVII.

219 1666 314 1731 Ne
332 1675 405 1730 sit
424 1674 643 1729 ancillae
666 1675 761 1728 tibi
782 1693 928 1729 amor
953 1675 1163 1747 pudori,

222 1751 460 1806 Xanthia
482 1751 713 1804 Phoceu!
757 1752 910 1804 Prius
932 1750 1242 1805 insolentem

220 1845 376 1882 serva
394 1826 586 1879 Briseis
608 1826 761 1879 niveo
785 1826 954 1881 colore

376 1901 543 1954 movit
562 1900 840 1955 Achillem.

222 1994 389 2047 Movit
408 1992 617 2045 Aiacem
640 1991 918 2046 Telamone
944 2001 1126 2047 natum
1734 2004 1756 2045 5

223 2067 389 2121 forma
411 2067 645 2137 captivae
670 2067 947 2120 dominum
966 2068 1296 2122 Tecmessae:

225 2143 352 2195 arsit
372 2142 580 2195 Atrides
603 2142 773 2196 medio
795 2144 848 2196 in
873 2143 1141 2214 triumpho

377 2216 585 2289 virgine
606 2226 769 2288 rapta,

225 2309 477 2362 barbarae
496 2317 777 2379 postquam
798 2308 1027 2363 cecidere
1052 2317 1255 2363 turmae

228 2382 477 2436 Thessalo
499 2384 710 2447 victore,
734 2391 783 2437 et
809 2383 1048 2437 ademtus
1071 2385 1252 2437 Hector
1707 2391 1757 2432 ιο
1822 2423 1832 2433 .

230 2456 437 2511 tradidit
458 2456 610 2511 fessis
632 2457 825 2525 leviora
842 2457 960 2513 tolli
1615 2477 1618 2484 ’

378 2533 630 2605 Pergama
652 2532 845 2587 Graiis.
896 2539 901 2542 ’

232 2623 458 2686 Nescias,
483 2642 550 2677 an
572 2631 622 2676 te
641 2641 897 2695 generum
917 2625 1056 2678 beati

234 2697 490 2770 Phyllidis
510 2697 675 2753 flavae
696 2698 938 2754 decorent
956 2705 1222 2768 parentes:

1605 2724 1802 2904 f
