2081 3169
704 195 998 241 LIBER
1071 196 1148 242 11.

326 292 536 348 divisus
555 293 772 357 obiectu,
796 295 1027 349 remittas

402 386 672 440 quaerere,
697 385 793 422 nee
810 370 1038 440 trepides
1059 375 1113 424 in
1139 389 1299 424 usum

251 478 513 549 poscentis
533 479 649 530 aevi
670 494 857 547 pauca.
936 479 977 532 F
984 478 1251 549 ugitretro

254 552 388 608 levis
407 555 718 607 iuventaset
739 552 908 616 decor,
934 554 1080 607 arida

327 627 551 700 pellente
570 627 793 681 lascivos
812 646 1016 682 amores

406 703 613 767 canitie,
637 701 954 775 facilemque
973 721 1243 757 somnum.

253 813 372 866 Non
393 829 600 882 semper
620 811 757 864 idem
780 811 1000 866 floribus
1019 818 1098 866 est
1115 811 1283 865 honor

255 887 435 942 vernis
452 904 464 952 ;
506 903 682 958 neque
700 905 810 941 uno
830 888 980 941 Luna
1002 888 1199 940 rubens
1218 887 1345 942 nitet

331 962 505 1016 vultu.
585 961 728 1027 Quid
747 963 969 1017 aeternis
995 963 1255 1016 minorem

405 1035 642 1091 consiliis
661 1038 902 1092 animum
924 1037 1146 1110 fatigas?

257 1163 352 1200 eur
370 1162 477 1199 non
498 1145 601 1199 sub
621 1143 723 1199 alta
744 1145 825 1199 vel
848 1145 1058 1216 platano
1078 1146 1159 1200 vel
1179 1147 1278 1201 hac

257 1221 389 1293 pinu
417 1221 641 1274 iacentes
666 1221 744 1274 sic
761 1228 969 1286 temere,
994 1229 1044 1275 et
1064 1239 1179 1309 resa

332 1313 490 1350 canos
509 1296 707 1349 odorati
728 1295 962 1367 capilloe,

406 1371 540 1425 dum
560 1371 696 1436 lieet,
719 1372 1046 1445 Assyriaque
1064 1372 1274 1435 nard0,

256 1488 502 1552 potamus
528 1479 711 1534 uncti‘?
744 1480 976 1551 Dissipat
994 1481 1162 1535 Evius

255 1573 410 1612 curas
427 1556 629 1611 edaces,
708 1554 840 1622 Quis
868 1573 998 1627 puer
1017 1557 1163 1610 ocius

331 1633 623 1705 restinguet
642 1631 871 1685 ardentis
892 1632 1101 1686 Falerni

406 1707 596 1779 pocula
616 1714 974 1779 praetereunte
995 1700 1251 1780 lymph'a‘?

253 1818 380 1890 quis
401 1816 618 1871 devium
639 1824 869 1872 scortum
890 1798 1058 1871 eliciet
1081 1816 1238 1870 domo

253 1892 479 1967 Lyden?
514 1893 750 1955 Eburna,
775 1891 862 1945 dic
880 1909 994 1965 age,
1019 1909 1141 1945 eum
1166 1891 1278 1964 lyra

330 1974 573 2033 maturet,
604 1968 906 2031 inoomtam,
931 1968 1192 2021 Lacaenae

406 2060 568 2108 more,
593 2059 796 2097 comam
820 2041 1031 2115 religata
1051 2041 1207 2096 nodo.

1739 897 1790 938 10

1740 1307 1789 1347 15

1738 1715 1789 1758 2⁰
