2081 3169
349 412 401 458 40

353 860 404 905 45

355 1313 407 1356 50

356 1688 408 1731 55

358 2063 409 2105 60

358 2437 409 2480 65

456 223 557 278 234
960 225 1440 273 8ΛΤΥΒΔΒἩΜ

458 331 733 383 Invertunt
750 324 994 381 Allifanis
1017 326 1224 380 vinaria
1242 332 1346 381 tota

458 401 705 459 Vibidius
723 401 1052 473 Balatroque,
1076 401 1318 473 sequutis
1337 400 1617 457 omnibus:
1658 400 1757 457 imi

457 477 712 532 convivae
731 476 845 530 lecti
868 475 1100 530 nihilum
1121 492 1345 531 nocuere
1365 475 1584 549 lagenis.

459 552 685 607 Affertur
707 550 929 624 squillas
950 551 1086 605 inter
1104 567 1356 605 muraena
1377 558 1629 615 natantes,

459 627 517 681 in
537 628 715 698 patina
741 632 991 696 porrecta.
1070 624 1183 680 Sub
1209 625 1311 680 hoo
1347 625 1533 681 herus:
1575 626 1750 680 »Haec
1773 629 1952 700 gravi-

1446 700 1529 765 da,
1543 720 1569 752 <1
1590 701 1786 772 inquit,

462 795 487 827 »
506 782 653 847 capta
672 782 768 840 est,
792 774 1013 829 deterior
1031 782 1150 844 post
1168 782 1380 847 partum
1399 791 1555 830 carne
1573 774 1772 830 futura.

463 851 591 905 »His
612 851 842 905 mixtum
864 851 948 904 ius
965 860 1069 904 est:
1110 849 1241 915 oleo,
1264 849 1410 922 quod
1427 850 1599 921 prima
1619 848 1832 905 Venafri

462 926 688 997 »pressit
710 923 864 992 cella;
906 941 1033 997 garo
1051 924 1118 978 de
1137 924 1308 979 succis
1327 925 1490 996 piscis
1509 924 1665 989 Iberi,

462 1001 624 1055 »vino
641 1000 994 1072 quinquenni,
1020 1016 1208 1053 verum
1234 1000 1361 1053 citra
1381 1015 1525 1053 mare
1550 1007 1688 1063 nato,

462 1074 630 1130 »dum
648 1076 894 1146 coquitur
910 1106 985 1117 —
1002 1081 1146 1129 cocto
1164 1074 1359 1129 Chium
1378 1074 1457 1128 sic
1472 1076 1734 1139 convenit,
1762 1081 1825 1129 ut
1849 1092 1954 1130 non

463 1150 598 1205 »hoc
624 1150 795 1224 magis
823 1149 998 1205 ullum
1024 1148 1290 1214 aliud—,
1322 1150 1502 1221 pipere
1535 1147 1672 1214 albo,
1709 1167 1818 1205 non
1843 1151 1956 1206 sine

1299 1245 1304 1250 ·
1447 1230 1587 1279 aceto

464 1299 644 1372 »quod
662 1299 1083 1386 Methymnaeam
1106 1299 1235 1355 vitio
1252 1299 1534 1354 mutaverit
1555 1266 1738 1353 u’vam.

464 1376 699 1430 »Erucas
718 1374 933 1438 virides,
957 1373 1132 1428 inulas
1265 1374 1473 1445 primus
1492 1391 1698 1427 amaras

464 1470 490 1503 ³>
501 1450 789 1504 monstravi
810 1450 1116 1520 incoquere3
1150 1391 1337 1503 ῖῇῗιῐοε
1353 1447 1613 1502 Curtillus
1632 1448 1870 1514 echinOS,

464 1533 561 1580 »ut
579 1524 770 1579 melius
787 1524 979 1589 muria,
1001 1539 1166 1597 quam
1187 1527 1313 1577 testa
1337 1521 1541 1578 marina
1561 1522 1798 1579 remittit.
1812 1545 1840 1577 κ

465 1602 663 1656 Interea
682 1616 936 1671 suspensa
955 1616 1142 1672 graves
1164 1597 1344 1654 aulaea
1370 1600 1550 1653 ruinas

464 1676 521 1730 in
539 1676 774 1747 patinam
794 1673 972 1739 secere,
996 1674 1252 1728 trahentia
1271 1672 1508 1745 pulveris
1527 1672 1643 1738 atri,

466 1758 727 1822 quantum
747 1766 853 1804 non
872 1748 1069 1821 Aquilo
1085 1749 1372 1821 Campanis
1390 1749 1579 1803 excitat
1597 1749 1762 1821 agris.

465 1826 574 1880 Nos
591 1826 766 1882 maius
782 1824 953 1888 veriti,
977 1832 1258 1896 postquam
1278 1822 1414 1879 nihil
1433 1840 1547 1878 esse
1565 1823 1747 1895 pericli

465 1902 750 1965 sensimus,
773 1898 1057 1972 erigimur:
1099 1897 1288 1963 Rufus,
1318 1901 1488 1970 posito
1506 1898 1689 1970 capite,
1720 1906 1783 1954 ut
1801 1901 1850 1952 si

467 1976 611 2031 filius
631 1977 948 2031 immaturus
964 1974 1176 2038 obisset,
1198 1972 1336 2028 flere.
1407 1968 1549 2040 *Quis
1574 1981 1710 2027 esset

472 2051 614 2117 finis,
639 2051 696 2106 ni
716 2049 925 2120 sapiens
943 2048 1022 2102 sic
1039 2050 1401 2104 Nomentanus
1426 2050 1655 2102 amicum

467 2125 690 2181 tolleret:
733 2125 899 2188 »Heu,
924 2124 1173 2188 Fortuna,
1198 2124 1325 2194 quis
1343 2131 1422 2178 est
1439 2122 1703 2177 crudelior
1719 2123 1778 2177 in
1803 2140 1902 2178 nos

464 2221 490 2253 ³>
501 2208 551 2256 te
569 2199 738 2255 deus?
775 2198 842 2252 Ut
858 2215 1065 2269 semper
1082 2198 1282 2271 gaudes
1302 2196 1522 2252 illudere
1546 2197 1707 2251 rebus

466 2273 752 2330 »humanis
767 2274 778 2327 l
793 2294 818 2325 «
857 2274 1047 2329 Varius
1069 2290 1259 2345 mappa
1278 2286 1601 2347 compescere
1618 2272 1794 2326 risum

466 2351 559 2406 vix
578 2356 792 2422 poterat.
870 2347 1090 2413 Balatro,
1113 2346 1441 2418 suspendens
1458 2346 1636 2401 omnia
1657 2364 1809 2413 uase,

467 2427 640 2480 »Haec
657 2432 737 2479 est
751 2423 978 2479 conditio
998 2422 1267 2488 vivendi‚«
1287 2421 1472 2486 aiebat,
1496 2438 1665 2492 eoque

464 2516 815 2571 »responsura
834 2507 926 2553 tuo
942 2514 1242 2570 numquam
1267 2504 1344 2552 est
1361 2513 1458 2568 par
1474 2495 1613 2550 fama
1634 2495 1829 2552 labori.

465 2576 659 2639 »Tene,
687 2580 748 2628 ut
764 2591 862 2647 ego
881 2574 1108 2645 accipiar
1132 2572 1287 2637 laute,
1315 2571 1606 2643 torquerier
1622 2573 1777 2626 omni

466 2647 852 2705 »sollicitudine
870 2648 1164 2711 districtum
1182 2689 1194 2712 ,
1219 2662 1285 2702 ne
1301 2647 1456 2718 panis
1473 2644 1715 2711 adustus,

278 2756 425 2849 Ἣ
467 2739 571 2777 »ne
586 2721 724 2776 male
741 2723 1010 2779 conditum
1032 2722 1119 2777 ius
1138 2728 1446 2794 apponatur,
1475 2728 1537 2776 ut
1558 2737 1746 2777 omnes

500 2998 501 3017 ¹
508 3018 517 3047 t
