2081 3169
365 543 415 585 15

362 917 415 961 20

361 1291 414 1335 25

361 1669 414 1711 30

362 2043 412 2085 35

1023 205 1426 253 ODARUM

550 321 722 379 agr08‚
748 303 983 360 Attalicis
1002 305 1393 360 conditionibus

549 398 847 452 numquam
868 381 1154 446 dimoveas,
1179 389 1240 436 ut
1256 381 1401 435 trabe
1419 380 1615 454 Cypria

548 457 815 528 Myrtoum
836 457 1064 527 pavidus
1086 466 1243 511 nauta
1264 464 1399 510 secet
1418 474 1581 511 mare.
1637 502 1638 505 ,

547 532 852 586 Luctantem
876 533 1052 586 Icariis
1071 530 1316 586 fluctibus
1338 530 1574 586 Africum

548 616 800 662 mercator
820 617 1079 672 metuens,
1103 608 1269 662 otium
1290 615 1341 660 et
1359 607 1539 677 oppidi

549 681 727 737 laudat
747 702 867 738 rura
888 683 999 736 sui:
1045 700 1169 736 mox
1189 682 1353 736 reficit
1371 699 1505 735 rates

547 775 788 828 quassas,
812 757 1057 812 indocilis
1077 758 1382 828 pauperiem
1408 755 1535 827 pati.

545 833 657 896 Est,
681 834 776 904 qui
798 850 892 886 nec
910 833 1099 886 veteris
1120 831 1304 903 pocula
1326 830 1535 885 Massici

548 925 644 960 nec
662 918 862 978 partem
881 907 1051 962 solido
1071 907 1278 961 demere
1298 907 1362 961 de
1380 906 1466 960 die

547 983 763 1054 spernit,
786 999 930 1036 nunc
948 981 1109 1035 viridi
1131 982 1366 1036 membra
1385 981 1489 1034 sub
1508 980 1693 1034 arbuto

547 1064 756 1121 stratuS,
783 1073 926 1110 nunc
943 1056 1010 1111 ad
1030 1073 1199 1126 aquae
1220 1056 1334 1109 lene
1352 1063 1509 1126 caput
1526 1072 1720 1109 sacrae.

547 1131 738 1185 Multos
758 1140 922 1185 castra
944 1131 1148 1194 iuvant,
1173 1138 1222 1183 et
1243 1129 1372 1185 lituo
1393 1130 1550 1184 tubae

546 1206 840 1277 permixtus
861 1205 1084 1269 sonituS‚
1111 1204 1354 1276 bellaque
1377 1205 1635 1260 matribus

552 1281 815 1335 detestata.
894 1281 1070 1334 Manet
1086 1280 1189 1334 sub
1208 1282 1328 1334 Iove
1353 1278 1545 1352 frigido

548 1364 778 1420 venator,
806 1364 1006 1410 tenerae
1023 1355 1265 1428 coniugis
1288 1355 1581 1419 immemor,

545 1449 638 1486 seu
660 1432 770 1485 visa
792 1439 869 1485 est
887 1430 1075 1485 catulis
1100 1448 1250 1485 cerva
1275 1431 1537 1496 fidelibus,

546 1525 637 1561 seu
661 1508 802 1578 rupit
822 1515 1003 1561 teretes
1022 1509 1229 1562 Marsus
1249 1526 1371 1579 aper
1391 1506 1591 1578 plagas.

545 1583 629 1638 Me
649 1582 917 1639 doctarum
940 1583 1163 1640 hederae
1181 1583 1412 1655 praemia
1432 1579 1684 1634 frontium

536 1658 631 1713 ,dis
652 1660 874 1714 miscent
893 1661 1129 1730 superi&
1173 1675 1259 1711 me
1277 1656 1512 1729 gelidum
1534 1668 1723 1705 nemus

546 1734 1025 1805 Nympharumque
1045 1732 1185 1785 leves
1205 1747 1328 1782 cum
1347 1727 1547 1799 Satyris
1565 1724 1709 1778 chori

546 1815 825 1861 secernunt
842 1806 1056 1877 populo,
1089 1806 1134 1857 si
1157 1820 1329 1873 neque
1347 1801 1503 1854 tibias

543 1881 770 1951 Euterpe
789 1881 1010 1944 cohibet,
1037 1896 1134 1933 nec
1152 1876 1504 1949 Polyhymnia

544 1957 809 2010 Lesboum
830 1954 1024 2028 refugit
1048 1951 1256 2007 tendere
1275 1951 1536 2006 barbiton.

545 2029 746 2097 Quodsi
767 2047 852 2083 me
872 2028 1053 2102 lyricis
1076 2026 1285 2082 vatibus
1304 2026 1510 2091 inseriS,

547 2103 767 2159 sublimi
786 2102 970 2157 feriam
991 2102 1164 2157 sidera
1184 2101 1390 2157 vertice.
