2081 3169
411 207 506 260 iffi
834 191 839 194 ’
949 209 1347 257 EPODON

408 327 560 384 agros
579 316 735 381 atque
755 310 910 364 Lares
930 312 1143 381 patrioS,
1168 309 1558 381 habitandaque
1575 308 1698 365 fana

298 396 351 440 20
482 384 624 455 apris
647 384 861 455 reliquit
879 392 929 438 et
947 385 1225 456 rapacibus
1247 383 1414 456 lupis)

407 460 500 524 ire,
522 458 680 529 pedes
701 475 1040 530 quocumque
1059 458 1240 523 ferent,
1265 467 1602 530 quocumque
1617 476 1714 531 per
1730 460 1921 515 undas

481 535 647 587 Notus
667 534 888 598 vocabit,
913 541 1004 587 aut
1027 542 1303 604 protervus
1321 532 1551 588 Africus.

408 608 497 662 Sic
514 607 715 678 placet?
752 627 819 661 an
841 607 1033 662 melius
1053 608 1178 680 quis
1197 608 1355 662 habet
1369 608 1625 685 suaderes?
1662 608 1919 664 Secunda

484 690 645 736 ratem
665 700 917 752 occupare
933 682 1068 754 quid
1088 699 1357 737 moramur
1381 681 1537 736 alite?
1564 747 1569 751 ,

298 768 350 812 25
405 757 508 812 Sed
528 758 764 812 iuremus
784 758 840 811 in
861 757 1013 811 haec:
1056 757 1218 811 simul
1244 758 1367 811 imis
1387 775 1514 816 saxa
1535 758 1768 812 renarint

220 841 223 844 '
481 831 632 885 vadis
652 831 835 896 levata,
861 849 928 885 ne
946 831 1115 885 redire
1134 832 1203 884 sit
1221 832 1365 887 nefas
1380 851 1417 900 3·

409 924 512 961 neu
531 923 780 960 conversa
804 906 1023 960 domum
1043 907 1218 980 pigeat
1237 907 1362 974 dare
1381 907 1555 972 lintea,
1579 908 1799 979 quando
1882 933 1897 944 ·

480 980 654 1035 Padus
672 982 866 1036 Matina
886 979 1072 1035 laverit
1089 983 1380 1046 cacumina,
1472 997 1479 1006 ·

409 1057 465 1110 in
487 1073 630 1109 mare
653 1073 747 1109 seu
767 1055 939 1109 celsus
958 1057 1255 1127 proruperit
1275 1056 1610 1127 Apenninus3

300 1141 353 1183 3⁰
484 1146 726 1201 novaque
739 1131 1228 1200 monstrafiunxerit
1247 1131 1468 1185 libidine

409 1205 578 1259 mirus
602 1221 765 1271 amor,
782 1206 935 1260 'iuvet
953 1212 1012 1259 ut
1032 1206 1192 1278 tigres
1213 1206 1486 1260 subsidere
1504 1205 1691 1271 cerviS,

484 1278 801 1334 adulteretur
819 1288 869 1334 et
886 1279 1133 1334 columba
1152 1279 1336 1345 miluo,
1703 1285 1708 1291 ’

408 1353 618 1408 credula
638 1372 734 1408 nec
752 1353 914 1409 flavos
935 1356 1154 1409 timeant
1170 1362 1403 1409 armenta
1423 1354 1615 1418 leones,

484 1437 726 1500 ametque
746 1429 883 1484 salsa
904 1429 1035 1485 levis
1056 1430 1236 1484 hircus
1256 1447 1500 1501 aequora.

300 1513 352 1557 35
408 1504 560 1568 Haec,
584 1511 634 1557 et
651 1522 788 1575 quae
806 1512 1050 1575 poterunt
1068 1504 1267 1558 reditus
1286 1503 1588 1559 abscindere
1605 1502 1810 1568 dulceS,

482 1597 665 1634 eamus
684 1580 859 1634 omnis
877 1587 1139 1634 exsecrata
1157 1579 1359 1644 civitaS‚

408 1662 499 1709 aut
516 1672 638 1725 pars
657 1654 871 1709 indocili
890 1654 1075 1709 melior
1094 1672 1271 1730 grege,
1351 1653 1523 1709 Mollis
1542 1660 1592 1707 et
1610 1670 1804 1726 exspes

483 1729 771 1783 inominata
789 1730 1079 1801 perprimat
1096 1729 1318 1783 cubilia:

410 1819 523 1868 VOS,
550 1804 749 1875 quibus
768 1811 847 1858 est
867 1804 1055 1868 virtus,
1081 1802 1395 1857 muliebrem
1413 1802 1575 1858 tollite
1601 1801 1827 1869 luctum,

299 1885 352 1931 4⁰
482 1878 701 1933 Etrusca
720 1887 920 1950 praeter
939 1886 989 1932 et
1006 1877 1175 1932 volate
1201 1877 1389 1932 littora.

409 1952 516 2006 Nos
534 1961 709 2007 manet
727 1953 965 2008 Oceanus
985 1952 1385 2025 circumvagu83
1428 1970 1570 2017 arva,
1592 1952 1745 2006 beata

484 2035 722 2097 petamus
742 2047 884 2093 arva,
909 2028 1098 2091 divites
1118 2034 1169 2082 et
1189 2027 1410 2091 insulaS,
1634 2075 1638 2078 ,

407 2100 579 2155 reddit
597 2103 691 2156 ubi
712 2103 949 2157 Cererem
968 2102 1125 2157 tellus
1145 2102 1346 2157 inarata
1369 2101 1651 2173 quotannis
1664 2138 1675 2160 ‚

482 2183 532 2230 et
554 2178 808 2248 imputata
826 2177 973 2233 floret
990 2195 1164 2250 usque
1183 2178 1354 2242 vinea,

299 2257 353 2309 45.
405 2252 667 2323 germinat
684 2260 734 2306 et
753 2270 1050 2324 numquam
1068 2251 1295 2314 fallentis
1312 2260 1500 2306 termae
1524 2249 1712 2315 olivae,

483 2344 742 2399 suamque
758 2326 905 2397 pulla
928 2328 1060 2392 sicus
1080 2335 1231 2381 ornat
1249 2327 1505 2389 arborem,

407 2400 564 2455 mella
583 2418 711 2455 cava
729 2409 945 2469 manant
963 2419 1030 2456 ex
1050 2400 1185 2465 ilice,
1210 2401 1479 2455 montibus
1504 2398 1623 2454 altis

484 2475 616 2528 levis
635 2484 875 2546 crepante
894 2476 1114 2550 lympha
1135 2476 1309 2529 desilit
1325 2475 1474 2546 pede.

410 2548 525 2602 Illic
545 2549 777 2603 iniussae
801 2552 1023 2605 veniunt
1043 2549 1111 2604 ad
1129 2550 1349 2605 mulctra
1368 2547 1611 2619 capellae,

301 2630 352 2672 5⁰
487 2621 743 2695 refertque
760 2630 899 2679 tenta
918 2643 1049 2698 grex
1066 2625 1269 2679 amicus
1287 2625 1474 2690 ubera;

409 2711 506 2748 nec
524 2697 852 2765 vespertinus
872 2700 1238 2772 circumgemit
1256 2716 1415 2753 ursus
1434 2697 1591 2762 ovile,

242 2776 437 2921 ,Χ

436 2926 469 2981 ἒ.

456 2986 505 3049 ‘r
