2081 3169
647 217 1102 268 P.0ET10A.
1518 215 1610 271 30⁴

117 323 242 377 Non
260 319 400 375 alius
419 318 606 377 faceret
624 321 837 376 meliora
856 330 1122 393 poematag
1166 339 1352 378 verum

118 397 199 452 nil
220 397 353 451 tanti
374 404 470 451 est.
548 398 689 470 Ergo
709 397 901 470 fungar
925 397 1035 451 vioe
1056 397 1201 461 cotis,
1225 407 1442 456 acutum

117 471 341 526 reddere
360 488 495 543 quae
514 471 714 528 ferrum
733 471 884 534 valet,
910 489 1091 526 exsors
1112 473 1228 545 ipsa
1244 475 1482 530 secandi:
1648 486 1726 529 305

119 563 327 607 munus
353 553 401 599 et
420 545 653 604 officium
676 547 752 602 nil
773 547 1008 600 scribens
1031 547 1143 619 ipse
1163 546 1375 610 docebo,

118 621 268 677 unde
286 628 537 691 parentur
555 640 697 694 opeS,
722 622 855 693 quid
875 620 977 677 alat
997 620 1288 692 formetque
1305 631 1528 694 poetam,

120 696 259 768 quid
280 695 472 760 deceat,
498 697 631 769 quid
650 714 773 761 non,
805 714 913 768 quo
934 696 1123 760 virtuS‚
1148 714 1260 770 quo
1274 696 1399 756 ferat
1414 716 1574 753 error.

200 770 476 824 Scribendi
498 778 633 836 recte
651 789 833 842 sapere
851 778 928 825 est
947 779 998 826 et
1016 771 1339 844 principium
1360 780 1409 828 et
1429 772 1572 836 fons:

120 863 236 900 rem
257 845 356 898 tibi
374 844 660 902 Socraticae
678 854 920 918 poterunt
944 845 1214 902 ostendere
1232 847 1456 912 chartae,
1649 859 1727 900 310

122 921 393 991 verbaque
408 922 675 992 provisam
695 939 807 975 rem
828 938 934 976 non
954 921 1120 985 invita
1141 930 1444 993 sequentur.
1535 919 1538 922 ’

124 995 231 1062 Qui
253 994 456 1059 didicit,
479 996 677 1066 patriae
695 996 833 1069 quid¹
850 995 1051 1060 debeat,
1075 996 1278 1066 etquid
1297 998 1498 1062 amicis,

122 1087 234 1142 quo
254 1070 323 1123 sit
343 1086 518 1124 amore
534 1088 742 1141 parens,
757 1088 865 1143 quo
885 1068 1039 1126 irater
1059 1070 1318 1125 amandus
1338 1079 1389 1126 et
1407 1072 1613 1143 hospes,

125 1143 273 1216 quod
294 1145 364 1196 sit
387 1145 684 1216 conscripti,
709 1144 852 1216 quod
875 1144 1067 1210 iudicis
1085 1143 1340 1210 officium,
1364 1166 1502 1219 quae

121 1227 297 1290 partes
318 1219 374 1272 in
395 1217 594 1275 bellum
616 1219 765 1284 missi
786 1214 964 1286 ducis3
1010 1219 1098 1282 ille
1122 1220 1350 1291 profecto
1650 1232 1727 1275 315

122 1293 342 1348 reddere
359 1311 610 1364 personae
629 1295 727 1348 scit
743 1295 1108 1358 convenientia
1127 1295 1340 1366 cuique.

123 1368 401 1438 Respicere
420 1368 687 1440 exemplar
708 1369 844 1422 vitae
863 1385 1180 1438 morumque
1201 1369 1391 1421 iubebo

123 1443 340 1496 doctum
362 1443 691 1508 imitatorem,
714 1450 764 1500 et
784 1443 934 1498 vivas
954 1442 1082 1506 hino
1098 1441 1286 1498 ducere
1307 1458 1473 1498 voces.

122 1515 400 1571 Interdum
420 1519 651 1589 speciosa
675 1518 802 1571 locis
822 1514 1126 1590 morataque
1145 1524 1284 1581 recte

121 1591 324 1656 fabula,
350 1593 552 1653 nullius
571 1594 807 1658 veneris,
831 1594 947 1651 sine
964 1591 1196 1663 pondere
1211 1601 1261 1646 et
1286 1599 1410 1655 arte,
1649 1603 1728 1645 320

124 1667 343 1722 valdius
363 1668 583 1723 oblectat
598 1668 859 1741 populum
881 1667 1179 1739 meliusque
1198 1675 1447 1730 moratur,

126 1760 299 1815 quam
320 1760 505 1798 versus
524 1744 707 1814 inopes
727 1760 903 1797 rerum
925 1758 1204 1813 nugaeque
1224 1757 1456 1797 canorae.

123 1817 309 1874 Graiis
329 1817 624 1889 ingenium,
650 1818 824 1883 Graiis
842 1816 985 1873 dedit
1002 1833 1092 1871 ore
1117 1814 1341 1877 rotundo

119 1895 280 1948 Musa
306 1890 468 1965 loqui,
493 1900 692 1963 praeter
713 1891 922 1951 laudem
941 1890 1145 1946 nullius
1166 1890 1359 1948 avaris.

119 1967 355 2022 Romani
374 1967 525 2036 pueri
546 1967 719 2040 longis
738 1967 1028 2035 rationibus
1049 1983 1222 2023 assem
1651 1974 1727 2018 325

120 2043 344 2097 discunt
363 2041 418 2094 in
438 2049 610 2112 partes
630 2049 841 2102 centum
860 2041 1124 2101 diducere.
1204 2041 1383 2095 »Dicat

119 2138 147 2169 »
160 2116 313 2171 filius
330 2114 535 2171 Albini:
579 2116 626 2170 si
651 2116 719 2171 de
775 2112 1034 2177 uincunce
1054 2123 1247 2171 remota
1267 2122 1345 2173 est

120 2213 147 2245 »
160 2190 343 2254 uncia,
378 2190 513 2262 quid
540 2198 751 2263 superat
793 2210 818 2244 «
868 2191 1068 2255 Poterat
1095 2189 1319 2249 dixisse:
1363 2207 1388 2237 »
1402 2187 1581 2245 triens.
1596 2208 1622 2243 «

1119 2269 1151 2318 5
1169 2263 1277 2321 Eu!

121 2358 244 2397 rem
264 2338 458 2410 poteris
479 2355 686 2399 servare
705 2345 870 2393 tuam.
950 2338 1101 2401 Redit
1121 2336 1294 2409 uncia,
1319 2334 1451 2406 quid
1476 2334 1566 2388 fit?

122 2424 158 2473 ἵ
181 2414 381 2469 Semis.
402 2443 477 2453 —
496 2412 598 2475 An,
623 2413 751 2467 haec
769 2413 974 2468 animos
992 2429 1184 2484 aerugo
1204 2418 1252 2469 et
1272 2427 1396 2466 cura
1416 2408 1588 2480 peculi
1652 2418 1730 2459 330

121 2506 306 2563 quum
328 2486 489 2545 semel
512 2487 778 2553 imbuerit,
809 2504 1082 2558 speramus
1102 2486 1331 2547 carmina
1356 2484 1485 2556 fingi

120 2580 305 2639 posse,
332 2561 544 2617 linenda
562 2561 716 2616 cedro
733 2570 784 2616 et
803 2561 905 2614 levi
926 2560 1181 2617 servanda
1202 2556 1483 2630 cupresso?

203 2641 318 2692 Aut
336 2636 581 2706 prodesse
602 2636 787 2692 volunt
806 2643 896 2690 aut
913 2634 1162 2690 delectare
1183 2643 1375 2704 poetae,

123 2720 223 2773 aut
243 2710 409 2765 simul
430 2718 480 2765 et
497 2712 728 2771 iucunda
747 2718 799 2767 et
819 2709 1003 2765 idonea
1021 2708 1193 2767 dicere
1210 2709 1364 2777 vitae.

1673 2810 1828 2923 f
