2081 3169
440 202 540 265 270
903 207 1458 262 emsa-ozanam

441 315 508 369 ad
528 322 577 368 te
592 320 709 386 post
726 313 905 385 paullo
924 322 1142 368 ventura
1160 314 1393 386 pericula
1417 313 1613 369 sentis?

440 391 574 444 Nam
597 399 685 443 tua
705 407 788 443 τω
808 390 999 462 agitur,
1023 390 1195 460 paries
1221 407 1391 461 quum
1410 391 1689 461 proximus
1710 391 1876 459 ardet,

333 477 383 519 85
440 473 490 518 et
507 464 737 537 neglecta
757 463 923 518 solent
942 463 1182 518 incendia
1209 482 1417 518 sumere
1437 466 1595 519 vires,

441 539 620 593 Dulcis
638 539 922 611 inexpertis
942 538 1146 593 cultura
1165 539 1389 610 potentis
1409 539 1565 593 amici
1582 559 1593 607 ;

442 622 686 686 expertus
708 615 911 669 metuit.
988 615 1088 679 Tu,
1112 613 1242 667 dum
1264 623 1351 668 tua
1374 615 1527 670 navis
1547 615 1602 669 in
1628 614 1734 670 alto
1751 625 1849 682 est,

441 691 542 745 hoc
560 707 671 763 age,
697 708 763 743 ne
781 696 973 744 mutata
996 697 1280 743 retrorsum
1307 697 1355 742 te
1373 688 1502 746 ferat
1520 708 1665 744 aura.

414 795 423 806 =
442 764 679 820 Oderunt
698 764 917 818 hilarem
938 764 1109 818 tristes
1130 764 1438 836 tristemque
1458 765 1634 826 iocosi,

334 851 387 894 90
444 839 683 894 sedatum
702 838 908 902 celeres,
934 837 1124 910 agilem
1144 856 1489 911 gnavumque
1514 840 1742 904 remissi,

440 923 645 986 potores
688 912 856 967 bibuli
877 913 1050 967 media
1067 913 1134 967 de
1153 921 1300 968 nocte
1316 914 1524 968 Falerni

441 990 664 1044 oderunt
703 994 931 1058 porrecta
954 997 1232 1061 negantem
1252 988 1457 1060 pocula,
1487 990 1739 1061 quamvis

443 1072 722 1118 nocturnos
743 1063 883 1116 iures
902 1070 951 1116 te
970 1061 1251 1117 formidare
1275 1081 1514 1134 vaporeS.

442 1140 600 1192 Deme
619 1136 897 1208 supercilio
917 1137 1141 1191 nubem:
1183 1137 1496 1209 plerumque
1514 1138 1787 1193 modestus

334 1225 385 1267 95
440 1220 657 1283 occupat
675 1212 886 1266 obscuri
906 1213 1151 1283 speciem,
1177 1213 1464 1267 taciturnus
1485 1214 1679 1267 acerbi.

444 1290 582 1343 Inter
601 1295 786 1341 cuncta
806 1287 945 1360 leges
964 1296 1013 1340 et
1030 1287 1395 1358 percontabere
1414 1287 1606 1352 doctOS,

443 1381 548 1434 qua
574 1363 771 1416 ratione
790 1380 952 1433 queas
972 1362 1241 1416 traducere
1260 1361 1441 1415 leniter
1459 1379 1646 1416 aevum
1666 1379 1678 1427 3

444 1456 573 1492 num
596 1446 645 1492 te
664 1456 870 1507 semper
889 1438 1042 1508 inops
1067 1438 1224 1510 agitet
1240 1445 1497 1508 vexetque
1520 1437 1737 1507 cupido,

443 1530 574 1566 num
597 1530 758 1584 pavor
777 1521 828 1565 et
845 1530 1021 1566 rerum
1044 1512 1369 1566 mediocriter
1397 1511 1607 1566 utilium
1627 1529 1780 1581 spes:

335 1600 413 1642 100
439 1590 686 1643 virtutem
708 1587 939 1642 doctrina
961 1596 1106 1658 paret
1126 1596 1379 1642 naturane
1397 1588 1577 1655 donet;

445 1662 575 1735 quid
597 1663 801 1716 minuat
817 1679 987 1725 curas,
1014 1662 1148 1733 quid
1169 1670 1216 1716 te
1232 1663 1329 1716 tibi
1354 1662 1538 1716 reddat
1556 1662 1793 1716 amicum
1813 1686 1824 1717 ε

443 1737 576 1809 quid
595 1755 728 1808 pure
746 1737 1066 1808 tranquillet,
1092 1737 1259 1791 honos
1285 1755 1351 1790 an
1373 1736 1526 1791 dulce
1545 1736 1832 1792 lucellum:

443 1831 510 1866 an
531 1819 789 1866 secretum
809 1812 905 1865 iter
923 1820 974 1866 et
991 1810 1220 1866 fallentis
1238 1812 1421 1865 semita
1443 1812 1597 1865 vitae.

442 1888 525 1939 Me
544 1888 748 1958 quoties
769 1887 933 1941 reficit
949 1886 1159 1959 gelidus
1178 1887 1416 1959 Digentia
1435 1887 1601 1949 rivuS,

334 1974 412 2016 105
438 1979 600 2032 quem
622 1961 860 2015 Mandela
880 1962 1031 2025 bibit,
1058 1978 1284 2034 rugosus
1304 1960 1495 2034 frigore
1514 1978 1705 2032 pagus,

442 2036 574 2108 quid
592 2037 783 2090 sentire
801 2045 973 2107 putas,
997 2036 1131 2107 quid
1150 2037 1336 2100 credis»,
1367 2036 1547 2100 amice,
1576 2036 1821 2106 precari?

443 2111 520 2166 Sit
548 2111 700 2176 mihi,
732 2111 877 2183 quod
905 2129 1051 2166 nunc
1066 2119 1163 2175 est,
1194 2112 1351 2165 etiam
1381 2112 1586 2174 minuS,
1618 2118 1669 2164 et
1698 2112 1839 2180 mihi
1858 2113 1946 2167 vi-

1429 2203 1552 2240 vam

441 2262 586 2336 quod
605 2270 840 2333 superest
857 2261 991 2325 aevi,
1014 2262 1062 2314 si
1082 2260 1215 2332 quid
1232 2277 1504 2330 superesse
1523 2258 1713 2313 volunt
1737 2260 1827 2315 di:

442 2339 512 2392 sit
530 2339 667 2391 bona
689 2336 945 2391 librorum
965 2343 1016 2390 et
1033 2336 1275 2406 provisae
1295 2334 1464 2406 frugis
1492 2334 1547 2387 in
1568 2351 1779 2388 annum

334 2424 412 2467 110
439 2413 613 2484 copia:
657 2429 759 2466 neu
782 2410 979 2465 fluitem
1000 2410 1193 2464 dubiae
1214 2427 1308 2481 spe
1325 2408 1591 2479 pendulus
1613 2409 1804 2463 horae!

440 2488 543 2542 Sed
562 2487 689 2541 satis
708 2492 787 2540 est
801 2502 948 2538 orare
967 2487 1162 2548 Iovem,
1188 2500 1325 2555 quae
1350 2482 1508 2537 donat
1525 2490 1575 2535 et
1594 2482 1797 2538 aufert:

441 2563 528 2617 det
554 2563 736 2625 vitam,
771 2559 858 2613 det
883 2576 1034 2630 opes:
1079 2575 1310 2629 aequum
1333 2561 1410 2612 mi
1440 2557 1687 2611 animum
1715 2559 1836 2631 ipse
1853 2577 1953 2633 pa-

1424 2627 1577 2687 rabo.

336 2722 459 2799 Ἃ
486 2834 495 2839 -
