2081 3169
260 107 289 124 l

620 233 766 279 mn.
804 233 872 278 11.
926 234 1091 280 sn.
1132 234 1245 282 vn.
1404 200 1408 203 ’
1574 232 1676 287 229

185 333 436 389 mundior
454 333 620 387 exiret
637 334 732 388 vix
750 332 1027 387 libertinus
1048 333 1286 403 boneste3

184 410 294 464 iam
312 407 565 463 moechus
584 408 796 472 Romae,
820 408 927 462 iam
945 406 1123 461 mallet
1139 407 1322 463 doctus
1340 409 1560 466 Athenis

187 484 389 547 vivere,
422 482 743 547 Vertumnis,
768 488 1026 554 quotquot
1036 489 1180 548 sunt,
1204 490 1358 538 natus
1377 486 1598 558 iniquis.

186 557 377 612 Scurra
398 556 724 622 VolaneriuS,
749 563 1031 628 postquam
1058 555 1137 609 illi
1158 556 1293 611 iusta
1312 558 1559 634 cheragra

186 631 425 687 contudit
443 631 707 696 articuloS‚
731 632 828 704 qui
847 647 943 702 pro
959 648 1017 685 se
1034 630 1234 686 tolleret
1253 639 1410 704 atque

184 707 413 761 mitteret
430 706 487 760 in
505 706 752 776 phimum
776 705 924 771 talos,
950 706 1187 760 mercede
1204 706 1398 762 diurna

185 782 504 836 conductum
522 782 693 851 pavit:
736 788 936 853 quanto
953 781 1270 836 constantior
1287 782 1457 836 isdem

182 855 428 920 invitiis,
452 862 594 910 tanto
612 855 784 910 levius
801 856 963 910 miser
981 873 1043 910 ao
1058 856 1202 928 prior
1225 855 1336 922 illo,

182 931 282 1003 qui
301 930 411 984 iam
433 935 687 995 eontento,
717 931 825 985 iam
846 930 967 985 laxo
984 929 1113 985 fune
1132 930 1348 986 laborat.

182 1023 303 1060 non.
330 1006 449 1058 Non
487 1003 630 1059 dices
664 1004 821 1059 hodie
834 1046 847 1070 ,
891 1021 1151 1077 quorsum
1191 1006 1320 1061 haec
1354 1013 1462 1061 tam
1493 1007 1678 1079 putida

1175 1080 1406 1147 tendant,

181 1150 437 1209 furcifer?
454 1170 570 1209 mv.
583 1152 667 1207 Ad
684 1160 751 1218 te,
775 1154 1018 1226 inquam.
1059 1174 1176 1211 noa.
1187 1155 1304 1223 Quo
1321 1163 1487 1229 pacto,
1510 1158 1679 1229 pessi-

1174 1230 1299 1285 me‘?
1329 1250 1447 1288 mv.
1471 1232 1678 1288 Laudas

180 1302 452 1359 fortunam
471 1310 522 1357 et
539 1319 711 1357 mores
731 1303 978 1375 antiquae
994 1303 1167 1375 plebis
1179 1346 1193 1370 ,
1221 1313 1272 1360 et
1290 1306 1451 1370 idem,
1477 1344 1482 1349 -

181 1379 233 1434 si
255 1378 381 1450 quis
401 1377 467 1432 ad
489 1377 581 1432 illa
599 1377 731 1432 deus
751 1378 929 1432 subito
947 1385 996 1432 te
1014 1386 1152 1451 agat,
1182 1395 1354 1450 usque
1374 1397 1598 1445 recuseS,

182 1460 278 1509 aut
293 1453 424 1526 quia
444 1468 549 1507 non
569 1451 750 1518 sentis,
772 1452 917 1525 quod
935 1452 1150 1517 clamas,
1173 1453 1363 1507 rectius
1380 1470 1511 1516 esse,

181 1536 278 1586 aut
295 1525 426 1601 quia
443 1543 550 1582 non
570 1526 759 1582 firmus
778 1534 980 1583 rectum
999 1525 1257 1595 defendis,
1281 1534 1332 1581 et
1348 1527 1547 1594 haeres,

181 1602 553 1677 nequidquam
572 1619 732 1658 eoeno
748 1604 968 1675 cupiens
984 1602 1206 1658 evellere
1224 1602 1478 1675 plantam.

180 1680 383 1735 Romae
399 1695 492 1734 rus
511 1685 660 1750 optas
673 1720 687 1744 ,
716 1679 985 1734 absentem
1001 1678 1232 1732 rusticus
1257 1678 1445 1733 urbem

152 1785 156 1789 -
181 1754 328 1810 tollis
348 1753 416 1809 ad
441 1761 578 1808 astra
597 1752 751 1808 levis.
831 1753 887 1808 Si
907 1769 1176 1824 nusquam
1194 1769 1251 1807 es
1270 1752 1398 1808 forte
1418 1761 1630 1810 vocatus

186 1829 255 1885 ad
273 1846 508 1895 coenam,
533 1828 717 1884 laudas
735 1845 980 1884 securum
999 1828 1138 1893 olus,
1164 1845 1241 1895 ac,
1263 1828 1409 1884 velut
1431 1847 1660 1902 usquam

183 1906 400 1961 vinctus
419 1921 524 1969 eas,
550 1904 622 1959 ita
641 1911 691 1959 te
710 1903 913 1959 felicem
931 1903 1066 1959 dicis
1094 1921 1363 1978 amasque,

184 1978 336 2052 quod
355 1996 623 2052 nusquam
642 1979 739 2033 tibi
760 1980 829 2034 sit
845 1977 1156 2051 potandum.
1234 1982 1450 2036 Iusserit
1466 1980 1533 2036 ad
1551 1999 1608 2036 se

183 2056 459 2129 Maecenas
478 2072 657 2109 serum
677 2054 780 2108 sub
798 2053 1004 2109 lumina
1026 2055 1200 2126 prima
1220 2057 1401 2112 venire

183 2130 498 2185 convivam:
541 2130 793 2184 »Nemon’
814 2127 989 2184 oleum
1014 2128 1113 2184 fert
1129 2130 1312 2184 ocius?
1347 2131 1528 2202 eequis

183 2201 444 2261 »audit‘lct
482 2220 605 2258 eum
624 2221 818 2277 magno
834 2203 1058 2259 blateras
1076 2203 1299 2259 clamore
1317 2203 1576 2274 furisque.

183 2278 428 2336 Mulvius
447 2285 498 2332 et
516 2295 742 2344 scurrae,
764 2279 860 2333 tibi
884 2295 990 2334 non
1007 2276 1270 2333 referenda
1290 2278 1500 2348 precati,

186 2353 490 2408 disoedunt.
566 2354 812 2408 »Etenim
830 2352 1009 2419 fateor,
1033 2369 1137 2418 me,
1151 2372 1179 2405 α
1197 2351 1389 2406 dixerit
1407 2351 1513 2415 ille,

186 2428 353 2484 »duci
372 2435 552 2483 ventre
573 2428 768 2498 levem3
801 2446 992 2484 nasum
1009 2427 1194 2483 nidore
1211 2426 1457 2497 supinor:

186 2502 547 2567 »imbecillus,
571 2503 740 2571 iners3
779 2504 827 2557 si
847 2502 982 2576 quid
997 2502 1100 2567 vis,
1125 2501 1274 2567 adde,
1296 2501 1519 2572 popino;

187 2598 217 2631 a>
229 2586 306 2644 tu,
329 2594 502 2651 quum
519 2577 595 2632 sis
614 2578 759 2651 quod
777 2596 890 2653 ego,
911 2585 962 2632 et
977 2576 1213 2632 fortassis
1232 2576 1472 2648 nequior,
1503 2573 1639 2628 ultro

189 2655 498 2719 »insectere,
521 2651 670 2708 velut
686 2652 889 2719 melior,
913 2652 1197 2724 verbisque
1215 2651 1413 2706 decoris

190 2726 484 2785 »obvolxias
503 2726 768 2787 vitium‘I«
805 2727 965 2795 Quid,
993 2727 1043 2782 si
1059 2744 1146 2782 me
1163 2726 1368 2782 stultior
1386 2726 1503 2798 ἣρω

1733 574 1785 616 15

1733 944 1785 987 20

1735 1463 1787 1507 25

1736 1841 1787 1884 3⁰

1737 2212 1788 2256 35

1738 2580 1790 2628 40
