2081 3169
466 203 498 255 8
1013 208 1416 257 ΟΒΑΒΠΜ

611 316 802 380 sperat,
829 310 1037 364 nescius
1063 328 1220 364 aurae

691 383 908 437 fallacis
990 385 1184 449 Miseri,
1207 386 1407 456 quibus

542 477 785 529 intentata
808 477 968 529 nites!
1010 478 1096 530 Me
1111 477 1287 530 tabula
1327 494 1469 531 sacer

540 552 713 605 votiva
734 552 903 621 paries
926 551 1121 605 indicat
1139 552 1300 605 uvida

355 635 406 679 15
614 626 953 696 suspendisse
971 627 1168 696 potenti

688 702 994 755 vestimenta
1014 703 1176 755 maris
1194 701 1309 755 dee.

944 977 993 1030 0
1057 977 1115 1030 D
1176 976 1230 1031 E
1344 976 1473 1032 VI.

649 1093 742 1136 An
789 1093 853 1136 M.
898 1092 1322 1138 VIPSANIUM
1369 1093 1768 1140 aanlrrnn.

528 1304 624 1340 Non
653 1316 716 1345 se,
747 1304 814 1339 scd
843 1302 1005 1339 Varium
1032 1308 1212 1350 poetam,
1239 1302 1430 1351 aptiorem
1450 1316 1534 1340 csse
1551 1305 1602 1340 ad
1620 1317 1680 1341 res
1699 1310 1822 1351 gestas
1854 1308 1963 1343 Cae-
2031 1320 2032 1327 ¹

460 1366 847 1414 sarisAgrippaeque
867 1366 1094 1402 scribendas
1110 1380 1121 1412 3
1142 1379 1181 1401 se
1200 1367 1327 1403 solum
1346 1368 1395 1403 ad
1415 1367 1600 1404 convivia
1618 1375 1656 1403 ct
1674 1381 1825 1405 amores
1847 1372 1962 1408 cele-

459 1429 629 1466 brandus
648 1430 798 1466 sactum
818 1442 914 1465 esse.
964 1432 1088 1468 Metr-
1107 1430 1268 1466 xvm.

538 1522 802 1584 Scriberis
825 1530 980 1586 Vario
998 1528 1148 1584 fortis
1166 1537 1216 1584 et
1235 1529 1470 1583 hostium

535 1608 700 1660 vietor
720 1607 940 1661 Maeonii
963 1606 1214 1660 carminis
1240 1605 1376 1668 alite,

533 1699 697 1752 quam
720 1699 830 1735 rem
851 1698 1083 1751 cumque
1103 1680 1246 1734 ferox
1268 1679 1496 1733 navibus
1517 1686 1607 1733 aut
1625 1682 1777 1752 equis

607 1756 759 1809 miles
780 1763 829 1808 te
847 1756 980 1809 duee
998 1756 1236 1827 gesserit.

348 1861 371 1901 5
530 1850 656 1912 NOS,
681 1847 932 1920 Agrippa,
958 1865 1130 1917 neque
1148 1847 1274 1900 haec
1292 1846 1480 1910 dicere,
1506 1864 1601 1900 nee
1623 1864 1845 1920 gravem
2033 1815 2034 1896 l

532 1922 737 1976 Pelidae
757 1923 1105 1986 stomachum,
1130 1922 1308 1975 cedere
1327 1922 1510 1985 nescii,

531 2016 627 2052 nec
646 2015 832 2051 cursus
851 1997 1079 2068 duplicis
1100 2015 1191 2069 per
1211 2014 1354 2050 mare
1376 1996 1563 2082 Ulixei,

607 2089 702 2126 nec
726 2090 936 2126 saevam
956 2071 1161 2143 Pelopis
1185 2071 1403 2125 domum

530 2182 799 2228 conamur,
824 2172 1004 2218 tenues
1023 2163 1272 2236 grandia:
1315 2164 1446 2217 dum
1465 2163 1636 2234 pudor

347 2251 397 2292 10
534 2239 871 2311 imbellisque
889 2206 1060 2312 lyrae&
1055 2241 1204 2294 Musa
1224 2245 1407 2309 potens
1433 2246 1570 2293 vetat

531 2314 710 2368 laudes
729 2315 926 2387 egregii
948 2315 1185 2369 Caesaris
1205 2322 1256 2367 et
1274 2321 1389 2368 tuas

605 2389 760 2461 culpa
779 2390 1008 2444 deterere
1029 2390 1233 2462 ingeni.

531 2481 663 2547 Quis
682 2482 897 2536 Martem
920 2482 1095 2534 tunica
1115 2488 1307 2533 tectum
1328 2480 1663 2536 adamantina

529 2557 690 2629 digne
711 2554 1009 2627 scripserit?
1047 2563 1137 2609 aut
1156 2555 1374 2626 pulvere
1394 2556 1575 2610 Troico

347 2642 396 2683 15
531 2633 747 2703 nigrum
774 2630 1079 2686 Merionen?
1117 2639 1208 2685 aut
1223 2647 1321 2700 ope
1342 2631 1567 2685 Palladis

191 2777 353 2898 ἡ
604 2706 843 2780 Tydiden
864 2706 1079 2778 Superis
1099 2705 1321 2778 parem?
