2081 3169
680 205 975 251 LIBER
1047 208 1094 254 1.
1574 204 1635 255 49

210 327 441 383 pugnae,
464 308 580 362 sive
597 324 731 379 opus
751 314 829 361 est
850 308 1145 378 imperitare
1164 310 1335 379 equis,
1694 323 1746 365 25

212 403 319 441 non
341 385 524 458 auriga
543 384 711 456 piger.
791 384 1052 437 Merionen
1074 401 1286 455 quoque

211 477 416 515 nosces.
493 460 628 512 Ecce
646 457 774 511 furit
794 464 843 510 te
861 458 1086 528 reperire
1105 467 1252 513 atrox

287 533 538 608 Tydides,
563 533 749 587 melior
765 536 937 604 patre:

213 644 374 698 quem
398 635 474 690 tu,
499 642 688 678 cervus
708 625 785 677 uti
810 623 961 677 vallis
981 625 1032 677 in
1057 623 1216 678 altera

214 702 394 756 visum
412 708 557 771 parte
577 699 766 770 lupum
784 699 1045 771 graminis
1064 701 1356 764 immemor,
1693 712 1744 753 3⁰

210 776 435 830 sublimi
453 775 625 847 fugies
643 774 819 828 mollis
845 773 1101 838 anhelitu,

286 868 394 904 non
414 850 514 904 hoc
531 849 796 920 pollicitus
817 857 956 902 tuae.

210 941 468 997 Iracunda
489 941 630 995 diem
656 939 876 1011 proferet
896 939 989 993 Ilio

211 1016 573 1088 matronisque
591 1016 864 1088 Phrygum
887 1014 1070 1068 classis
1089 1014 1308 1070 Achillei
1326 1034 1338 1085 ς

208 1099 331 1165 post
350 1098 513 1145 certas
538 1090 737 1144 hiemes
759 1097 873 1143 uret
891 1090 1150 1144 Achaicus
1694 1103 1745 1144 35

289 1167 431 1240 ignis
448 1167 757 1238 Pergameas
782 1164 983 1218 domos.
996 1186 1022 1217 α

575 1366 624 1419 Ο
686 1366 746 1420 D
804 1365 858 1419 E
974 1364 1186 1420 XVI.

428 1480 846 1551 mmNomA
896 1482 989 1524 An
1043 1482 1344 1549 amorim.

127 1695 313 1732 Excusat
323 1691 424 1728 iram
438 1702 564 1734 sunm,
575 1703 651 1740 qua
671 1690 782 1728 illam
802 1688 944 1727 iambis
963 1690 1145 1734 laeserat,
1157 1696 1194 1728 et
1213 1691 1260 1728 de
1281 1690 1338 1728 ira
1356 1690 1517 1729 uberius
1535 1693 1631 1740 agit.

240 1769 292 1805 pe
272 1763 326 1792 eti
315 1754 442 1803 ie,tqu
461 1760 507 1791 ut
524 1753 600 1791 mi
605 1766 647 1791 ca
667 1754 710 1790 in
729 1753 829 1802 grati
818 1766 893 1790 iam
914 1764 1082 1789 uecumr
1088 1755 1158 1790 eed
1161 1759 1386 1793 at.Mc11-.
1405 1756 1520 1794 XVI.

206 1847 272 1912 Ο
295 1862 461 1909 matre
478 1852 700 1940 pulchra
721 1853 827 1907 filia
855 1853 1141 1925 pulchrior,

206 1948 374 2004 quem
393 1929 693 1984 criminosis
711 1945 944 2000 eumque
966 1928 1106 1983 voles
1133 1930 1351 1985 modum

284 2022 449 2077 pones
469 2004 679 2068 iambis,
704 2004 817 2057 sive
835 2002 1048 2062 flamma

362 2081 476 2134 sive
493 2079 627 2133 mari
648 2079 774 2133 libet
790 2078 1071 2132 Hadriano,

203 2174 326 2227 Non
346 2169 693 2241 Dindymene,
718 2188 821 2224 non
844 2170 1016 2244 adytis
1036 2172 1206 2241 quatit
1718 2183 1742 2223 5

192 2253 439 2301 'mentem
461 2244 788 2299 sacerdotum
811 2246 978 2299 incola
999 2246 1243 2318 Pythius,

287 2338 390 2375 non
412 2320 574 2374 Liber
591 2337 775 2391 aeque,
801 2337 905 2373 non
925 2328 1074 2373 acuta

321 2466 327 2471 .
359 2396 405 2449 si
423 2396 696 2469 geminant
715 2394 1037 2468 Corybantes
1060 2412 1195 2458 aera,

205 2484 382 2539 tristes
401 2490 461 2538 ut
482 2484 604 2548 irae,
626 2483 770 2555 =quas
790 2500 962 2555 neque
982 2483 1206 2538 Noricus

206 2560 429 2615 deterret
447 2559 608 2622 ensiS,
635 2576 731 2612 nec
751 2576 894 2612 mare
915 2557 1252 2632 naufragum
1687 2566 1738 2607 10

284 2652 380 2690 nec
397 2651 589 2689 saevus
607 2634 767 2708 igniS,
791 2650 886 2687 nec
910 2634 1179 2688 tremendo

1313 2804 1353 2846 Β
1381 2801 1414 2848 2
1589 2813 1800 2994 [l
1815 2807 1820 2810 ’

358 2709 592 2782 Iupiter
576 2726 690 2781 lpse
708 2726 868 2764 ruens
890 2707 1146 2762 tumultu.
