2081 3169
340 1012 390 1054 10

341 1388 391 1431 15

442 224 509 276 22
988 221 1392 268 ODARUM

444 327 605 382 Siccis
624 325 802 380 omnia
823 343 945 378 nam
966 323 1100 378 dura
1120 324 1250 376 deus
1268 320 1565 391 proposuit;
1610 334 1781 388 neque

444 402 711 455 mordaces
732 400 879 453 aliter
898 399 1189 470 diffugiunt
1214 394 1609 450 sollicitudines,

444 477 576 543 Quis
595 484 712 547 post
731 476 856 530 vina
874 492 1092 548 gravem
1114 472 1358 527 militiam
1385 478 1476 524 aut
1499 467 1803 540 pauperiem
1836 483 1958 521 cre-

1433 543 1558 616 pat?

447 627 568 698 quis
591 644 694 680 non
716 634 764 679 te
784 625 987 696 potiuS,
1011 623 1209 678 Bacche
1225 630 1398 695 pater,
1423 630 1604 690 teque,
1634 617 1825 671 decens
1846 617 1958 673 Ve-

1440 693 1577 748 nus?

447 777 513 830 At
533 794 598 829 ne
618 777 740 847 quis
762 775 954 830 modici
976 773 1235 828 transiliat
1254 789 1474 824 munera
1494 769 1687 832 Liberi,

448 852 733 906 Centaurea
753 858 930 904 monet
948 868 1070 903 cum
1092 847 1329 919 Lapithis
1350 847 1461 900 rixa
1484 862 1642 916 super
1663 860 1807 896 mero

448 926 718 991 debellata,
743 934 919 980 monet
939 925 1192 978 Sithoniis
1215 941 1316 977 non
1341 922 1471 976 levis
1491 919 1675 982 EviuS,

450 1020 619 1072 quum
641 1000 718 1054 sas
739 1010 896 1072 atque
917 999 1061 1053 nefas
1080 999 1274 1070 exiguo
1293 997 1398 1049 fine
1424 994 1705 1049 libidinum

450 1077 755 1130 discernunt
774 1075 936 1129 avidi.
1017 1076 1133 1127 Non
1154 1089 1251 1144 ego
1271 1080 1335 1135 te,
1361 1067 1582 1124 candide
1600 1069 1878 1134 Bassareu,

450 1152 681 1205 invitum
700 1151 935 1222 quatiam
953 1169 964 1217 3
1010 1165 1106 1202 nec
1125 1147 1285 1201 variis
1303 1146 1471 1200 obsita
1488 1142 1765 1198 frondibus

449 1228 552 1281 sub
573 1227 758 1281 divum
782 1226 1002 1295 rapiam.
1083 1223 1244 1276 Saeva
1268 1230 1383 1274 tene
1401 1237 1523 1273 cum
1544 1218 1851 1290 Berecyntio

448 1320 611 1356 cornu
632 1308 899 1374 tympana,
924 1316 1061 1370 quae
1081 1297 1424 1367 subsequitur
1442 1310 1624 1348 caecus
1642 1308 1791 1346 amor
1813 1295 1928 1360 sui..

448 1385 498 1431 et
518 1377 703 1431 tollens
727 1392 952 1431 vacuum
973 1373 1097 1444 plus
1118 1371 1284 1425 nimio
1301 1371 1466 1444 gloria
1488 1369 1751 1430 verticem,

450 1453 732 1523 arcanique
752 1451 882 1505 fides
900 1448 1139 1521 prodiga,
1163 1445 1479 1517 perlucidior
1502 1443 1653 1509 vitro.

893 1714 942 1769 0
1003 1714 1178 1769 DE
1296 1711 1510 1767 XIX.

780 1834 903 1876 an
974 1777 1612 1905 ‘echssaAu

452 2045 622 2091 Propter
642 2042 836 2091 Glycerae
861 2038 1209 2089 pulchritudinem
1235 2038 1312 2075 sibi
1339 2039 1584 2075 redeundum
1610 2048 1692 2071 esse
1718 2036 1768 2071 ad
1799 2050 1974 2078 amores

604 2105 901 2154 Bacchumque,
920 2103 1051 2141 missis
1071 2102 1161 2140 aliis
1180 2102 1378 2145 omnibus,
1399 2103 1527 2138 docet.
1576 2103 1698 2139 Metr.
1721 2101 1772 2135 V.

524 2197 703 2260 Mater
727 2223 880 2259 saeva
899 2202 1226 2274 Gupidinum

602 2281 984 2350 Thebanaeque
1001 2278 1147 2333 iubet
1164 2294 1248 2331 me
1268 2276 1495 2331 Semeles
1516 2292 1647 2346 puer

526 2365 576 2410 et
595 2356 786 2410 lasciva
814 2354 1018 2408 licentia

601 2432 765 2485 finitis
784 2430 1025 2484 animum
1046 2428 1259 2481 reddere
1286 2426 1572 2480 amoribus.

528 2508 641 2561 Urit
664 2524 749 2559 me
768 2504 1018 2578 Glycerae
1038 2504 1175 2557 nitor

602 2580 922 2652 splendentis
945 2579 1095 2632 Pario
1115 2594 1373 2632 marmore
1397 2575 1609 2646 purius:

527 2658 634 2711 urit
657 2663 801 2728 grata
820 2655 1145 2725 protervitaS‚
1324 2696 1330 2702 .

602 2739 652 2783 et
673 2729 869 2794 vultuS,
894 2730 1123 2782 nimium
1145 2728 1380 2783 lubricus
1407 2725 1602 2797 adspici
1619 2771 1630 2792 ,
