2081 3169
384 217 443 255 ιν

391 310 451 360 et
480 303 769 359 editorum
803 319 914 376 ope
944 301 1205 357 nondum
1239 320 1309 358 eo
1341 300 1625 359 adductus
1658 311 1763 374 est,
1793 311 1860 361 ut
1885 306 1978 362 vel

386 404 457 460 de
502 402 783 473 lectione,
838 403 936 458 vel
977 401 1486 474 interpretatione,
1539 404 1636 460 vel
1687 403 1977 477 interpun-

385 503 579 560 ctione
615 521 735 559 non
769 501 1076 558 innumera
1111 520 1298 574 paene
1335 502 1525 558 adhuc
1563 502 1742 559 dubia
1777 506 1980 561 obver-
2021 502 2022 549 ἓ

383 596 609 657 sentur,
656 605 806 660 quae
850 605 970 642 non
1013 603 1156 641 sane
1199 585 1418 658 ubique
1463 588 1536 643 ab
1583 586 1797 644 criticis
1831 590 1980 645 bene

381 688 692 745 videantur
722 704 849 743 esse
881 687 1090 743 soluta.
1138 685 1348 759 Itaque
1378 686 1473 742 hic
1505 704 1738 760 quoque
1768 687 1982 745 facien-

383 788 521 845 dum
566 787 700 858 fuit,
741 786 900 860 quod
942 787 1161 860 ubique
1203 785 1266 842 in
1311 786 1663 844 editionibus
1708 788 1983 861 plurimo·
2023 850 2024 867 χ

381 908 509 945 rum
553 888 685 945 usui
730 887 1034 945 destinatis
1080 887 1573 945 consultissimum
1614 887 1874 960 videtur,
1921 896 1986 945 ut

382 989 676 1046 delectum
725 988 1162 1045 institueremus
1215 987 1564 1062 optimarum
1625 989 1985 1047 emendatio-

380 1109 520 1146 num
557 1092 630 1146 ab
669 1090 1014 1165 coryphaeis
1051 1089 1112 1145 in
1156 1090 1270 1145 hoc
1307 1107 1523 1163 genere
1569 1088 1669 1162 qui
1705 1091 1803 1146 vel
1846 1098 1984 1146 ante

380 1190 596 1248 fuerint
628 1191 726 1247 vel
767 1190 945 1247 hodie
985 1189 1101 1246 dici
1144 1196 1412 1265 possent,
1451 1189 1876 1261 institutarum,
1929 1198 1989 1248 et
2025 1218 2026 1313 1

382 1292 455 1348 de
503 1291 649 1348 locis
701 1287 1031 1365 praecipuis
1085 1286 1148 1343 in
1200 1289 1676 1349 adnotationibus
1728 1290 2026 1348 breviter¹

379 1391 665 1448 rationem
700 1390 1096 1447 redderemus.

508 1489 783 1549 Ceterum
819 1509 1048 1549 summa
1083 1510 1223 1550 cura
1258 1500 1317 1551 et
1350 1493 1444 1551 hic
1479 1491 1879 1568 vigilavimuS,
1928 1500 1994 1550 ut

379 1601 574 1652 textus
606 1613 782 1668 quam
817 1594 1127 1670 purissime
1158 1596 1592 1666 tersissimeque
1627 1592 1992 1651 exscribere·

378 1703 500 1765 tur,
556 1713 672 1768 quo
724 1696 911 1771 magis
962 1696 1195 1751 interna
1241 1710 1475 1767 quoque
1526 1690 1661 1747 huic
1708 1697 1990 1768 typorum

379 1793 704 1872 elegantiae
743 1793 1092 1868 ornatuique
1128 1792 1565 1866 responderent.

500 1895 703 1969 Atque
754 1895 838 1952 ita
891 1892 1190 1970 egregium
1234 1889 1577 1964 scriptorem
1622 1893 1770 1949 bene
1818 1911 1992 1952 cura·
2027 1873 2028 1880 ἵ

377 2005 501 2053 tum
546 1995 912 2068 nitidumque
956 1991 1181 2050 recenti
1223 1992 1334 2047 hac
1372 1992 1627 2049 editione
1663 1994 1991 2054 lectoribus
2025 2037 2028 2084 3

379 2096 874 2165 commendamus,
900 2099 1060 2150 certo
1093 2091 1317 2164 confisi,
1350 2101 1409 2150 et
1436 2095 1586 2150 hanc
1619 2111 1855 2168 quoque
1890 2099 1993 2155 vel
2027 2135 2028 2168 χ

378 2198 454 2254 ad
497 2196 809 2254 lectionem
852 2197 949 2254 vel
991 2194 1352 2251 intellectum
1395 2195 1611 2252 rectius
1653 2195 1991 2272 meliusque
2025 2185 2028 2270 ξ

379 2296 847 2355 constituendum
885 2296 1306 2370 aliquantulum
1342 2295 1636 2353 adtulisse.

503 2415 626 2476 Scr.
656 2415 818 2491 Lips.
848 2435 924 2472 m.
955 2415 1127 2473 Mart.
1161 2433 1210 2471 a.
1239 2411 1745 2473 MDGCOXLHI.

1404 2561 1466 2624 0.
1512 2560 1598 2622 H.
1658 2558 1904 2624 Weise.
2023 2503 2028 2670 i

2025 2673 2028 2716 ι

224 2725 427 2861 -ι
2025 2735 2028 2836 ³
