<?xml version="1.0" encoding="UTF-8"?>
<!DOCTYPE html PUBLIC "-//W3C//DTD XHTML 1.0 Transitional//EN"
    "http://www.w3.org/TR/xhtml1/DTD/xhtml1-transitional.dtd">
<html xmlns="http://www.w3.org/1999/xhtml" xml:lang="en" lang="en">
 <head>
  <title>
</title>
<meta http-equiv="Content-Type" content="text/html;charset=utf-8" />
  <meta name='ocr-system' content='tesseract 3.04.00' />
  <meta name='ocr-capabilities' content='ocr_page ocr_carea ocr_par ocr_line ocrx_word'/>
</head>
<body>
  <div class='ocr_page' id='page_1' title='image "./qhoratiiflaccio02weisgoog_0242.png"; bbox 0 0 2081 3169; ppageno 0'>
   <div class='ocr_carea' id='block_1_1' title="bbox 396 164 1389 224">
    <p class='ocr_par' dir='ltr' id='par_1_1' title="bbox 396 164 1389 224">
     <span class='ocr_line' id='line_1_1' title="bbox 396 164 1389 224; baseline -0.01 0"><span class='ocrx_word' id='word_1_1' title='bbox 396 167 499 224; x_wconf 74' lang='lat'>232</span> <span class='ocrx_word' id='word_1_2' title='bbox 900 164 1389 216; x_wconf 69' lang='lat' dir='ltr'>sA&#39;rYRARUM</span> 
     </span>
    </p>
   </div>
   <div class='ocr_carea' id='block_1_2' title="bbox 286 264 1896 1683">
    <p class='ocr_par' dir='ltr' id='par_1_2' title="bbox 286 264 1896 1683">
     <span class='ocr_line' id='line_1_2' title="bbox 398 264 1711 340; baseline -0.004 -15"><span class='ocrx_word' id='word_1_3' title='bbox 398 271 569 326; x_wconf 84' lang='lat' dir='ltr'>virtus</span> <span class='ocrx_word' id='word_1_4' title='bbox 588 274 747 340; x_wconf 85' lang='lat' dir='ltr'>atque</span> <span class='ocrx_word' id='word_1_5' title='bbox 765 266 978 322; x_wconf 89' lang='lat' dir='ltr'>animus</span> <span class='ocrx_word' id='word_1_6' title='bbox 995 269 1174 321; x_wconf 83' lang='lat' dir='ltr'>coenis</span> <span class='ocrx_word' id='word_1_7' title='bbox 1189 273 1464 337; x_wconf 88' lang='lat' dir='ltr'>responsat</span> <span class='ocrx_word' id='word_1_8' title='bbox 1480 264 1711 337; x_wconf 69' lang='lat' dir='ltr'>opimis?</span> 
     </span>
     <span class='ocr_line' id='line_1_3' title="bbox 397 339 1707 415; baseline -0.005 -15"><span class='ocrx_word' id='word_1_9' title='bbox 397 343 727 415; x_wconf 77' lang='lat' dir='ltr'>Obsequium</span> <span class='ocrx_word' id='word_1_10' title='bbox 748 342 944 397; x_wconf 84' lang='lat' dir='ltr'>ventris</span> <span class='ocrx_word' id='word_1_11' title='bbox 963 341 1099 395; x_wconf 90' lang='lat' dir='ltr'>mihi</span> <span class='ocrx_word' id='word_1_12' title='bbox 1117 341 1464 412; x_wconf 78' lang='lat' dir='ltr'><strong>perniciosius</strong></span> <span class='ocrx_word' id='word_1_13' title='bbox 1481 350 1559 394; x_wconf 85' lang='lat' dir='ltr'>est</span> <span class='ocrx_word' id='word_1_14' title='bbox 1575 339 1707 394; x_wconf 72' lang='lat' dir='ltr'>cur?</span> 
     </span>
     <span class='ocr_line' id='line_1_4' title="bbox 292 413 1678 492; baseline -0.004 -17"><span class='ocrx_word' id='word_1_15' title='bbox 292 431 371 475; x_wconf 82' lang='lat'>105</span> <span class='ocrx_word' id='word_1_16' title='bbox 397 420 565 492; x_wconf 82' lang='lat' dir='ltr'>Tergo</span> <span class='ocrx_word' id='word_1_17' title='bbox 582 415 777 489; x_wconf 85' lang='lat' dir='ltr'>plector</span> <span class='ocrx_word' id='word_1_18' title='bbox 795 416 961 471; x_wconf 88' lang='lat' dir='ltr'>enim.</span> <span class='ocrx_word' id='word_1_19' title='bbox 1038 415 1144 482; x_wconf 85' lang='lat' dir='ltr'>Qui</span> <span class='ocrx_word' id='word_1_20' title='bbox 1167 423 1222 469; x_wconf 91' lang='lat' dir='ltr'>tu</span> <span class='ocrx_word' id='word_1_21' title='bbox 1238 415 1549 488; x_wconf 85' lang='lat' dir='ltr'>impunitior</span> <span class='ocrx_word' id='word_1_22' title='bbox 1567 413 1678 480; x_wconf 84' lang='lat' dir='ltr'>illa,</span> 
     </span>
     <span class='ocr_line' id='line_1_5' title="bbox 396 488 1649 565; baseline -0.005 -17"><span class='ocrx_word' id='word_1_23' title='bbox 396 509 533 565; x_wconf 85' lang='lat' dir='ltr'>quae</span> <span class='ocrx_word' id='word_1_24' title='bbox 550 509 716 564; x_wconf 85' lang='lat' dir='ltr'>parvo</span> <span class='ocrx_word' id='word_1_25' title='bbox 732 491 875 546; x_wconf 91' lang='lat' dir='ltr'>sumi</span> <span class='ocrx_word' id='word_1_26' title='bbox 895 497 1182 561; x_wconf 87' lang='lat' dir='ltr'>nequeunt,</span> <span class='ocrx_word' id='word_1_27' title='bbox 1206 490 1423 561; x_wconf 89' lang='lat' dir='ltr'>opsonia</span> <span class='ocrx_word' id='word_1_28' title='bbox 1442 488 1649 560; x_wconf 74' lang='lat' dir='ltr'>captas?</span> 
     </span>
     <span class='ocr_line' id='line_1_6' title="bbox 396 562 1684 638; baseline -0.004 -15"><span class='ocrx_word' id='word_1_29' title='bbox 396 569 598 638; x_wconf 91' lang='lat' dir='ltr'>Nempe</span> <span class='ocrx_word' id='word_1_30' title='bbox 616 567 1003 622; x_wconf 76' lang='lat' dir='ltr'>inamarescunt</span> <span class='ocrx_word' id='word_1_31' title='bbox 1020 562 1206 635; x_wconf 83' lang='lat' dir='ltr'>epulae</span> <span class='ocrx_word' id='word_1_32' title='bbox 1224 565 1342 619; x_wconf 88' lang='lat' dir='ltr'>sine</span> <span class='ocrx_word' id='word_1_33' title='bbox 1358 563 1463 618; x_wconf 88' lang='lat' dir='ltr'>fine</span> <span class='ocrx_word' id='word_1_34' title='bbox 1479 564 1684 635; x_wconf 84' lang='lat' dir='ltr'>petitae,</span> 
     </span>
     <span class='ocr_line' id='line_1_7' title="bbox 396 637 1516 714; baseline -0.003 -18"><span class='ocrx_word' id='word_1_35' title='bbox 396 640 651 714; x_wconf 87' lang='lat' dir='ltr'>illusique</span> <span class='ocrx_word' id='word_1_36' title='bbox 668 640 829 713; x_wconf 88' lang='lat' dir='ltr'>pedes</span> <span class='ocrx_word' id='word_1_37' title='bbox 849 639 1103 694; x_wconf 86' lang='lat' dir='ltr'>vitiosum</span> <span class='ocrx_word' id='word_1_38' title='bbox 1120 637 1255 693; x_wconf 81' lang='lat' dir='ltr'>ferre</span> <span class='ocrx_word' id='word_1_39' title='bbox 1274 649 1516 694; x_wconf 86' lang='lat' dir='ltr'>recusant</span> 
     </span>
     <span class='ocr_line' id='line_1_8' title="bbox 397 713 1894 787; baseline 0 -16"><span class='ocrx_word' id='word_1_40' title='bbox 397 733 609 787; x_wconf 87' lang='lat' dir='ltr'>corpus.</span> <span class='ocrx_word' id='word_1_41' title='bbox 682 720 766 769; x_wconf 92' lang='lat' dir='ltr'>An</span> <span class='ocrx_word' id='word_1_42' title='bbox 787 715 877 768; x_wconf 92' lang='lat' dir='ltr'>hio</span> <span class='ocrx_word' id='word_1_43' title='bbox 893 721 1088 785; x_wconf 82' lang='lat' dir='ltr'>peccat,</span> <span class='ocrx_word' id='word_1_44' title='bbox 1111 713 1216 767; x_wconf 88' lang='lat' dir='ltr'>sub</span> <span class='ocrx_word' id='word_1_45' title='bbox 1236 720 1437 767; x_wconf 85' lang='lat' dir='ltr'>noctem</span> <span class='ocrx_word' id='word_1_46' title='bbox 1459 713 1555 784; x_wconf 90' lang='lat' dir='ltr'>qui</span> <span class='ocrx_word' id='word_1_47' title='bbox 1574 731 1706 785; x_wconf 89' lang='lat' dir='ltr'>puer</span> <span class='ocrx_word' id='word_1_48' title='bbox 1725 733 1894 771; x_wconf 87' lang='lat' dir='ltr'>uvam</span> 
     </span>
     <span class='ocr_line' id='line_1_9' title="bbox 286 786 1600 861; baseline -0.002 -16"><span class='ocrx_word' id='word_1_49' title='bbox 286 801 367 845; x_wconf 77' lang='lat'>110</span> <span class='ocrx_word' id='word_1_50' title='bbox 393 789 587 845; x_wconf 84' lang='lat' dir='ltr'>furtiva</span> <span class='ocrx_word' id='word_1_51' title='bbox 608 796 777 843; x_wconf 87' lang='lat' dir='ltr'>mutat</span> <span class='ocrx_word' id='word_1_52' title='bbox 793 786 1013 861; x_wconf 87' lang='lat' dir='ltr'>strigili;</span> <span class='ocrx_word' id='word_1_53' title='bbox 1058 788 1154 859; x_wconf 92' lang='lat' dir='ltr'>qui</span> <span class='ocrx_word' id='word_1_54' title='bbox 1172 787 1384 859; x_wconf 89' lang='lat' dir='ltr'>praedia</span> <span class='ocrx_word' id='word_1_55' title='bbox 1402 787 1600 854; x_wconf 83' lang='lat' dir='ltr'>vendit,</span> 
     </span>
     <span class='ocr_line' id='line_1_10' title="bbox 396 861 1894 935; baseline 0.001 -16"><span class='ocrx_word' id='word_1_56' title='bbox 396 863 472 919; x_wconf 93' lang='lat' dir='ltr'>nil</span> <span class='ocrx_word' id='word_1_57' title='bbox 495 863 702 927; x_wconf 85' lang='lat' dir='ltr'>servile,</span> <span class='ocrx_word' id='word_1_58' title='bbox 734 862 892 935; x_wconf 83' lang='lat' dir='ltr'>gulae</span> <span class='ocrx_word' id='word_1_59' title='bbox 914 879 1126 933; x_wconf 73' lang='lat' dir='ltr'>parem,</span> <span class='ocrx_word' id='word_1_60' title='bbox 1156 861 1349 917; x_wconf 74' lang='lat' dir='ltr'>habet?</span> <span class='ocrx_word' id='word_1_61' title='bbox 1384 861 1553 926; x_wconf 86' lang='lat' dir='ltr'>Adde,</span> <span class='ocrx_word' id='word_1_62' title='bbox 1577 863 1728 935; x_wconf 88' lang='lat' dir='ltr'>quod</span> <span class='ocrx_word' id='word_1_63' title='bbox 1751 864 1894 920; x_wconf 91' lang='lat' dir='ltr'>idem</span> 
     </span>
     <span class='ocr_line' id='line_1_11' title="bbox 396 937 1630 1007; baseline -0.001 -13"><span class='ocrx_word' id='word_1_64' title='bbox 396 956 504 994; x_wconf 91' lang='lat' dir='ltr'>non</span> <span class='ocrx_word' id='word_1_65' title='bbox 524 939 709 993; x_wconf 85' lang='lat' dir='ltr'>horam</span> <span class='ocrx_word' id='word_1_66' title='bbox 728 946 903 992; x_wconf 81' lang='lat' dir='ltr'>tecum</span> <span class='ocrx_word' id='word_1_67' title='bbox 925 954 1042 991; x_wconf 89' lang='lat' dir='ltr'>esse</span> <span class='ocrx_word' id='word_1_68' title='bbox 1056 945 1219 1007; x_wconf 84' lang='lat' dir='ltr'>potes,</span> <span class='ocrx_word' id='word_1_69' title='bbox 1244 954 1351 992; x_wconf 90' lang='lat' dir='ltr'>non</span> <span class='ocrx_word' id='word_1_70' title='bbox 1371 937 1477 991; x_wconf 87' lang='lat' dir='ltr'>otia</span> <span class='ocrx_word' id='word_1_71' title='bbox 1495 945 1630 993; x_wconf 86' lang='lat' dir='ltr'>recte</span> 
     </span>
     <span class='ocr_line' id='line_1_12' title="bbox 397 1010 1653 1084; baseline -0.002 -16"><span class='ocrx_word' id='word_1_72' title='bbox 397 1031 608 1084; x_wconf 88' lang='lat' dir='ltr'>ponere,</span> <span class='ocrx_word' id='word_1_73' title='bbox 632 1021 788 1084; x_wconf 88' lang='lat' dir='ltr'>teque</span> <span class='ocrx_word' id='word_1_74' title='bbox 804 1012 985 1083; x_wconf 89' lang='lat' dir='ltr'>ipsum</span> <span class='ocrx_word' id='word_1_75' title='bbox 1012 1012 1148 1067; x_wconf 88' lang='lat' dir='ltr'>vitas</span> <span class='ocrx_word' id='word_1_76' title='bbox 1165 1010 1425 1084; x_wconf 78' lang='lat' dir='ltr'>fugitivus</span> <span class='ocrx_word' id='word_1_77' title='bbox 1450 1019 1501 1065; x_wconf 90' lang='lat' dir='ltr'>et</span> <span class='ocrx_word' id='word_1_78' title='bbox 1519 1028 1653 1077; x_wconf 83' lang='lat' dir='ltr'>erro,</span> 
     </span>
     <span class='ocr_line' id='line_1_13' title="bbox 399 1085 1721 1159; baseline 0 -17"><span class='ocrx_word' id='word_1_79' title='bbox 399 1088 506 1142; x_wconf 90' lang='lat' dir='ltr'>iam</span> <span class='ocrx_word' id='word_1_80' title='bbox 528 1088 653 1142; x_wconf 89' lang='lat' dir='ltr'>vino</span> <span class='ocrx_word' id='word_1_81' title='bbox 671 1103 948 1159; x_wconf 88' lang='lat' dir='ltr'>quaerens,</span> <span class='ocrx_word' id='word_1_82' title='bbox 972 1087 1081 1141; x_wconf 90' lang='lat' dir='ltr'>iam</span> <span class='ocrx_word' id='word_1_83' title='bbox 1104 1103 1290 1141; x_wconf 92' lang='lat' dir='ltr'>somno</span> <span class='ocrx_word' id='word_1_84' title='bbox 1308 1085 1487 1141; x_wconf 83' lang='lat' dir='ltr'>fallere</span> <span class='ocrx_word' id='word_1_85' title='bbox 1505 1104 1689 1142; x_wconf 89' lang='lat' dir='ltr'>curam</span> <span class='ocrx_word' id='word_1_86' title='bbox 1707 1106 1721 1155; x_wconf 83' lang='lat'>3</span> 
     </span>
     <span class='ocr_line' id='line_1_14' title="bbox 291 1161 1896 1238; baseline 0.001 -21"><span class='ocrx_word' id='word_1_87' title='bbox 291 1173 370 1217; x_wconf 83' lang='lat'>115</span> <span class='ocrx_word' id='word_1_88' title='bbox 395 1161 614 1217; x_wconf 86' lang='lat' dir='ltr'>frustra:</span> <span class='ocrx_word' id='word_1_89' title='bbox 658 1178 784 1217; x_wconf 90' lang='lat' dir='ltr'>nam</span> <span class='ocrx_word' id='word_1_90' title='bbox 813 1179 987 1218; x_wconf 71' lang='lat' dir='ltr'>comes</span> <span class='ocrx_word' id='word_1_91' title='bbox 1013 1169 1123 1216; x_wconf 85' lang='lat' dir='ltr'>atra</span> <span class='ocrx_word' id='word_1_92' title='bbox 1146 1162 1340 1233; x_wconf 85' lang='lat' dir='ltr'>premit</span> <span class='ocrx_word' id='word_1_93' title='bbox 1362 1163 1712 1234; x_wconf 80' lang='lat' dir='ltr'>sequiturque</span> <span class='ocrx_word' id='word_1_94' title='bbox 1739 1162 1896 1238; x_wconf 83' lang='lat' dir='ltr'>fuga-</span> 
     </span>
     <span class='ocr_line' id='line_1_15' title="bbox 1383 1252 1517 1289; baseline 0 0"><span class='ocrx_word' id='word_1_95' title='bbox 1383 1252 1517 1289; x_wconf 83' lang='lat' dir='ltr'>cem.</span> 
     </span>
     <span class='ocr_line' id='line_1_16' title="bbox 397 1309 1894 1385; baseline 0.002 -19"><span class='ocrx_word' id='word_1_96' title='bbox 397 1330 513 1367; x_wconf 74' lang='lat' dir='ltr'>non.</span> <span class='ocrx_word' id='word_1_97' title='bbox 542 1310 691 1366; x_wconf 90' lang='lat' dir='ltr'>Unde</span> <span class='ocrx_word' id='word_1_98' title='bbox 717 1311 851 1366; x_wconf 88' lang='lat' dir='ltr'>mihi</span> <span class='ocrx_word' id='word_1_99' title='bbox 880 1309 1146 1383; x_wconf 75' lang='lat' dir='ltr'>lapidem?</span> <span class='ocrx_word' id='word_1_100' title='bbox 1181 1327 1299 1366; x_wconf 65' lang='lat' dir='ltr'>niv.</span> <span class='ocrx_word' id='word_1_101' title='bbox 1329 1309 1599 1377; x_wconf 88' lang='lat' dir='ltr'>Quorsum</span> <span class='ocrx_word' id='word_1_102' title='bbox 1625 1319 1707 1367; x_wconf 90' lang='lat' dir='ltr'>est</span> <span class='ocrx_word' id='word_1_103' title='bbox 1722 1313 1894 1385; x_wconf 80' lang='lat' dir='ltr'>opus‘?</span> 
     </span>
     <span class='ocr_line' id='line_1_17' title="bbox 1355 1384 1896 1462; baseline 0.006 -22"><span class='ocrx_word' id='word_1_104' title='bbox 1355 1404 1472 1441; x_wconf 73' lang='lat' dir='ltr'>non.</span> <span class='ocrx_word' id='word_1_105' title='bbox 1484 1384 1629 1442; x_wconf 88' lang='lat' dir='ltr'>unde</span> <span class='ocrx_word' id='word_1_106' title='bbox 1643 1388 1896 1462; x_wconf 68' lang='lat' dir='ltr'>sagittas?</span> 
     </span>
     <span class='ocr_line' id='line_1_18' title="bbox 399 1458 1896 1531; baseline 0.004 -17"><span class='ocrx_word' id='word_1_107' title='bbox 399 1477 516 1515; x_wconf 76' lang='lat' dir='ltr'>mv.</span> <span class='ocrx_word' id='word_1_108' title='bbox 541 1458 647 1514; x_wconf 88' lang='lat' dir='ltr'>Aut</span> <span class='ocrx_word' id='word_1_109' title='bbox 666 1459 861 1515; x_wconf 81' lang='lat' dir='ltr'>insanit</span> <span class='ocrx_word' id='word_1_110' title='bbox 887 1460 1046 1515; x_wconf 91' lang='lat' dir='ltr'>homo</span> <span class='ocrx_word' id='word_1_111' title='bbox 1064 1467 1156 1515; x_wconf 88' lang='lat' dir='ltr'>aut</span> <span class='ocrx_word' id='word_1_112' title='bbox 1175 1477 1360 1517; x_wconf 88' lang='lat' dir='ltr'>versus</span> <span class='ocrx_word' id='word_1_113' title='bbox 1378 1459 1518 1516; x_wconf 89' lang='lat' dir='ltr'>facit.</span> <span class='ocrx_word' id='word_1_114' title='bbox 1584 1481 1705 1519; x_wconf 74' lang='lat' dir='ltr'>non.</span> <span class='ocrx_word' id='word_1_115' title='bbox 1732 1463 1896 1531; x_wconf 80' lang='lat' dir='ltr'>Ocius</span> 
     </span>
     <span class='ocr_line' id='line_1_19' title="bbox 1386 1535 1582 1590; baseline 0 0"><span class='ocrx_word' id='word_1_116' title='bbox 1386 1535 1513 1590; x_wconf 86' lang='lat' dir='ltr'>hino</span> <span class='ocrx_word' id='word_1_117' title='bbox 1531 1543 1582 1590; x_wconf 83' lang='lat' dir='ltr'>te</span> 
     </span>
     <span class='ocr_line' id='line_1_20' title="bbox 397 1604 1592 1683; baseline 0.002 -19"><span class='ocrx_word' id='word_1_118' title='bbox 397 1609 455 1664; x_wconf 89' lang='lat' dir='ltr'>ni</span> <span class='ocrx_word' id='word_1_119' title='bbox 475 1604 636 1681; x_wconf 71' lang='lat' dir='ltr'>rapis‚&#39;</span> <span class='ocrx_word' id='word_1_120' title='bbox 660 1609 870 1666; x_wconf 82' lang='lat' dir='ltr'>accedes</span> <span class='ocrx_word' id='word_1_121' title='bbox 887 1626 1044 1682; x_wconf 88' lang='lat' dir='ltr'>opera</span> <span class='ocrx_word' id='word_1_122' title='bbox 1064 1626 1190 1683; x_wconf 84' lang='lat' dir='ltr'>agro</span> <span class='ocrx_word' id='word_1_123' title='bbox 1214 1627 1352 1665; x_wconf 86' lang='lat' dir='ltr'>nona</span> <span class='ocrx_word' id='word_1_124' title='bbox 1376 1609 1592 1667; x_wconf 85' lang='lat' dir='ltr'>Sabino.</span> 
     </span>
    </p>
   </div>
   <div class='ocr_carea' id='block_1_3' title="bbox 729 1807 1544 1867">
    <p class='ocr_par' dir='ltr' id='par_1_3' title="bbox 729 1807 1544 1867">
     <span class='ocr_line' id='line_1_21' title="bbox 729 1807 1544 1867; baseline 0.004 -3"><span class='ocrx_word' id='word_1_125' title='bbox 729 1807 1228 1864; x_wconf 80' lang='lat' dir='ltr'><strong>SATYRA</strong></span> <span class='ocrx_word' id='word_1_126' title='bbox 1319 1809 1544 1867; x_wconf 86' lang='lat' dir='ltr'>vlll.</span> 
     </span>
    </p>
   </div>
   <div class='ocr_carea' id='block_1_4' title="bbox 966 1957 1295 1967">
    <p class='ocr_par' dir='ltr' id='par_1_4' title="bbox 966 1957 1295 1967">
     <span class='ocr_line' id='line_1_22' title="bbox 966 1957 1295 1967; baseline 0 1202"><span class='ocrx_word' id='word_1_127' title='bbox 966 1957 1295 1967; x_wconf 95' lang='lat' dir='ltr'> </span> 
     </span>
    </p>
   </div>
   <div class='ocr_carea' id='block_1_5' title="bbox 394 2041 1892 2158">
    <p class='ocr_par' dir='ltr' id='par_1_5' title="bbox 394 2041 1892 2158">
     <span class='ocr_line' id='line_1_23' title="bbox 394 2041 1892 2093; baseline 0.001 -11"><span class='ocrx_word' id='word_1_128' title='bbox 394 2041 610 2082; x_wconf 73' lang='lat' dir='ltr'>Nasidieni</span> <span class='ocrx_word' id='word_1_129' title='bbox 647 2043 867 2088; x_wconf 87' lang='lat' dir='ltr'>cuiusdam,</span> <span class='ocrx_word' id='word_1_130' title='bbox 892 2044 1000 2092; x_wconf 79' lang='lat' dir='ltr'>apud</span> <span class='ocrx_word' id='word_1_131' title='bbox 1031 2056 1149 2093; x_wconf 74' lang='lat' dir='ltr'>quern</span> <span class='ocrx_word' id='word_1_132' title='bbox 1175 2046 1386 2083; x_wconf 74' lang='lat' dir='ltr'>Maecenas</span> <span class='ocrx_word' id='word_1_133' title='bbox 1413 2052 1670 2092; x_wconf 73' lang='lat' dir='ltr'>coenaverat,</span> <span class='ocrx_word' id='word_1_134' title='bbox 1700 2047 1892 2085; x_wconf 72' lang='lat' dir='ltr'>sedulitas</span> 
     </span>
     <span class='ocr_line' id='line_1_24' title="bbox 520 2106 1762 2158; baseline 0.002 -15"><span class='ocrx_word' id='word_1_135' title='bbox 520 2113 638 2156; x_wconf 82' lang='lat' dir='ltr'>atque</span> <span class='ocrx_word' id='word_1_136' title='bbox 657 2106 869 2154; x_wconf 77' lang='lat' dir='ltr'>diligentia</span> <span class='ocrx_word' id='word_1_137' title='bbox 886 2107 931 2144; x_wconf 80' lang='lat' dir='ltr'>in</span> <span class='ocrx_word' id='word_1_138' title='bbox 949 2106 1144 2156; x_wconf 77' lang='lat' dir='ltr'>eligendis</span> <span class='ocrx_word' id='word_1_139' title='bbox 1165 2107 1264 2144; x_wconf 83' lang='lat' dir='ltr'>cibis</span> <span class='ocrx_word' id='word_1_140' title='bbox 1283 2107 1522 2158; x_wconf 81' lang='lat' dir='ltr'>potibusque</span> <span class='ocrx_word' id='word_1_141' title='bbox 1541 2109 1762 2148; x_wconf 77' lang='lat' dir='ltr'>deridetur.</span> 
     </span>
    </p>
   </div>
   <div class='ocr_carea' id='block_1_6' title="bbox 285 2204 1895 2738">
    <p class='ocr_par' dir='ltr' id='par_1_6' title="bbox 285 2204 1895 2738">
     <span class='ocr_line' id='line_1_25' title="bbox 467 2204 1601 2268; baseline 0.002 -2"><span class='ocrx_word' id='word_1_142' title='bbox 467 2204 615 2267; x_wconf 74' lang='lat' dir='ltr'>Hon.</span> <span class='ocrx_word' id='word_1_143' title='bbox 639 2213 706 2267; x_wconf 89' lang='lat' dir='ltr'>Ut</span> <span class='ocrx_word' id='word_1_144' title='bbox 722 2211 994 2267; x_wconf 88' lang='lat' dir='ltr'>Nasidieni</span> <span class='ocrx_word' id='word_1_145' title='bbox 1014 2212 1154 2268; x_wconf 84' lang='lat' dir='ltr'>iuvit</span> <span class='ocrx_word' id='word_1_146' title='bbox 1175 2219 1225 2266; x_wconf 90' lang='lat' dir='ltr'>te</span> <span class='ocrx_word' id='word_1_147' title='bbox 1243 2229 1402 2268; x_wconf 87' lang='lat' dir='ltr'>coena</span> <span class='ocrx_word' id='word_1_148' title='bbox 1426 2213 1601 2268; x_wconf 70' lang='lat' dir='ltr'>beati?</span> 
     </span>
     <span class='ocr_line' id='line_1_26' title="bbox 392 2287 1742 2359; baseline 0.001 -17"><span class='ocrx_word' id='word_1_149' title='bbox 392 2288 530 2342; x_wconf 87' lang='lat' dir='ltr'>Nam</span> <span class='ocrx_word' id='word_1_150' title='bbox 549 2288 684 2342; x_wconf 91' lang='lat' dir='ltr'>mihi</span> <span class='ocrx_word' id='word_1_151' title='bbox 704 2288 976 2359; x_wconf 87' lang='lat' dir='ltr'>quaerenti</span> <span class='ocrx_word' id='word_1_152' title='bbox 994 2288 1276 2343; x_wconf 77' lang='lat' dir='ltr'>convivam</span> <span class='ocrx_word' id='word_1_153' title='bbox 1293 2287 1466 2343; x_wconf 85' lang='lat' dir='ltr'>dictus</span> <span class='ocrx_word' id='word_1_154' title='bbox 1485 2288 1610 2343; x_wconf 86' lang='lat' dir='ltr'>here</span> <span class='ocrx_word' id='word_1_155' title='bbox 1628 2288 1742 2344; x_wconf 86' lang='lat' dir='ltr'>illic</span> 
     </span>
     <span class='ocr_line' id='line_1_27' title="bbox 393 2361 1895 2434; baseline 0.003 -18"><span class='ocrx_word' id='word_1_156' title='bbox 393 2361 459 2417; x_wconf 91' lang='lat' dir='ltr'>de</span> <span class='ocrx_word' id='word_1_157' title='bbox 475 2362 649 2418; x_wconf 89' lang='lat' dir='ltr'>medio</span> <span class='ocrx_word' id='word_1_158' title='bbox 666 2369 844 2434; x_wconf 86' lang='lat' dir='ltr'>potare</span> <span class='ocrx_word' id='word_1_159' title='bbox 861 2362 967 2417; x_wconf 83' lang='lat' dir='ltr'>die.</span> <span class='ocrx_word' id='word_1_160' title='bbox 1043 2381 1332 2419; x_wconf 59' lang='lat' dir='ltr'>munimus.</span> <span class='ocrx_word' id='word_1_161' title='bbox 1363 2363 1468 2428; x_wconf 81' lang='lat' dir='ltr'>Sic,</span> <span class='ocrx_word' id='word_1_162' title='bbox 1490 2371 1553 2418; x_wconf 89' lang='lat' dir='ltr'>ut</span> <span class='ocrx_word' id='word_1_163' title='bbox 1571 2364 1711 2419; x_wconf 90' lang='lat' dir='ltr'>mihi</span> <span class='ocrx_word' id='word_1_164' title='bbox 1731 2383 1895 2421; x_wconf 91' lang='lat' dir='ltr'>num-</span> 
     </span>
     <span class='ocr_line' id='line_1_28' title="bbox 1380 2455 1547 2510; baseline 0 -18"><span class='ocrx_word' id='word_1_165' title='bbox 1380 2455 1547 2510; x_wconf 89' lang='lat' dir='ltr'>quam</span> 
     </span>
     <span class='ocr_line' id='line_1_29' title="bbox 287 2508 1804 2586; baseline 0.003 -22"><span class='ocrx_word' id='word_1_166' title='bbox 287 2508 291 2513; x_wconf 83' lang='grc'><strong><em>’</em></strong></span> <span class='ocrx_word' id='word_1_167' title='bbox 394 2511 453 2564; x_wconf 91' lang='lat' dir='ltr'>in</span> <span class='ocrx_word' id='word_1_168' title='bbox 473 2511 580 2566; x_wconf 85' lang='lat' dir='ltr'>vita</span> <span class='ocrx_word' id='word_1_169' title='bbox 598 2511 755 2567; x_wconf 78' lang='lat' dir='ltr'>fuerit</span> <span class='ocrx_word' id='word_1_170' title='bbox 772 2510 986 2567; x_wconf 88' lang='lat' dir='ltr'>melius.</span> <span class='ocrx_word' id='word_1_171' title='bbox 1062 2530 1181 2567; x_wconf 73' lang='lat' dir='ltr'>non.</span> <span class='ocrx_word' id='word_1_172' title='bbox 1207 2513 1300 2576; x_wconf 88' lang='lat' dir='ltr'>Da,</span> <span class='ocrx_word' id='word_1_173' title='bbox 1326 2512 1375 2566; x_wconf 88' lang='lat' dir='ltr'>si</span> <span class='ocrx_word' id='word_1_174' title='bbox 1397 2530 1559 2586; x_wconf 83' lang='lat' dir='ltr'>grave</span> <span class='ocrx_word' id='word_1_175' title='bbox 1579 2530 1688 2569; x_wconf 90' lang='lat' dir='ltr'>non</span> <span class='ocrx_word' id='word_1_176' title='bbox 1704 2521 1804 2580; x_wconf 84' lang='lat' dir='ltr'>est,</span> 
     </span>
     <span class='ocr_line' id='line_1_30' title="bbox 285 2586 1658 2658; baseline 0.001 -17"><span class='ocrx_word' id='word_1_177' title='bbox 285 2596 310 2641; x_wconf 75' lang='lat'><strong>5</strong></span> <span class='ocrx_word' id='word_1_178' title='bbox 393 2602 531 2657; x_wconf 88' lang='lat' dir='ltr'>quae</span> <span class='ocrx_word' id='word_1_179' title='bbox 549 2586 721 2657; x_wconf 88' lang='lat' dir='ltr'>prima</span> <span class='ocrx_word' id='word_1_180' title='bbox 742 2588 935 2643; x_wconf 83' lang='lat' dir='ltr'>iratum</span> <span class='ocrx_word' id='word_1_181' title='bbox 956 2594 1191 2643; x_wconf 88' lang='lat' dir='ltr'>ventrem</span> <span class='ocrx_word' id='word_1_182' title='bbox 1215 2586 1500 2658; x_wconf 86' lang='lat' dir='ltr'>placaverit</span> <span class='ocrx_word' id='word_1_183' title='bbox 1522 2604 1658 2643; x_wconf 87' lang='lat' dir='ltr'>esca.</span> 
     </span>
     <span class='ocr_line' id='line_1_31' title="bbox 392 2661 1770 2738; baseline 0.006 -25"><span class='ocrx_word' id='word_1_184' title='bbox 392 2679 541 2715; x_wconf 69' lang='lat' dir='ltr'>runo.</span> <span class='ocrx_word' id='word_1_185' title='bbox 571 2662 632 2715; x_wconf 93' lang='lat' dir='ltr'>In</span> <span class='ocrx_word' id='word_1_186' title='bbox 648 2661 838 2733; x_wconf 88' lang='lat' dir='ltr'>primis</span> <span class='ocrx_word' id='word_1_187' title='bbox 857 2665 1105 2719; x_wconf 87' lang='lat' dir='ltr'>Lucanus</span> <span class='ocrx_word' id='word_1_188' title='bbox 1123 2680 1274 2738; x_wconf 88' lang='lat' dir='ltr'>aper:</span> <span class='ocrx_word' id='word_1_189' title='bbox 1314 2662 1423 2719; x_wconf 89' lang='lat' dir='ltr'>leni</span> <span class='ocrx_word' id='word_1_190' title='bbox 1451 2662 1554 2719; x_wconf 85' lang='lat' dir='ltr'>l&#39;uit</span> <span class='ocrx_word' id='word_1_191' title='bbox 1569 2664 1770 2721; x_wconf 86' lang='lat' dir='ltr'>Austro</span> 
     </span>
    </p>
   </div>
  </div>
 </body>
</html>
