2081 3169
439 196 506 249 80
985 195 1391 241 oDARUM

514 298 733 353 frustra:
765 313 889 349 nam
909 294 1140 366 seopulis
1160 294 1369 347 surdior
1388 296 1516 347 Icari

518 390 670 429 voces
690 371 838 424 audit
857 369 1030 423 adhuc
1052 370 1268 443 integer.
1348 367 1432 433 At,
1458 369 1554 423 tibi

592 464 658 500 ne
681 445 887 499 vicinus
905 445 1139 514 Enipeus

666 520 789 590 plus
809 520 948 572 iusto
967 518 1183 589 placeat,
1205 523 1357 571 cavei

333 624 384 666 25
517 611 766 682 quamvis
788 628 892 664 non
912 609 1050 663 alius
1070 607 1268 662 flectere
1286 626 1484 679 equum
1506 610 1677 663 sciens

520 703 687 757 aeque
706 686 1026 755 conspicitur
1046 683 1286 756 gramine
1305 684 1507 747 Martio,

593 777 690 814 nec
708 761 997 831 quisquam
1014 759 1152 812 citus
1177 775 1342 829 aeque

668 836 838 888 Tusco
855 833 1063 888 denatat
1081 831 1249 886 alveo.

523 928 696 985 Prima
715 932 864 979 nocte
882 924 1102 979 domum
1123 923 1333 991 claude3
1377 941 1549 994 neque
1568 925 1625 977 in
1647 924 1764 978 vias

337 1013 389 1055 30
522 1003 626 1057 sub
644 1008 800 1054 cantu
821 999 1075 1071 querulae
1092 998 1302 1069 despice
1319 998 1502 1066 tibia03

595 1080 713 1130 et'te
730 1092 882 1145 saepe
903 1074 1107 1128 vocanti
1136 1116 1144 1124 .
1200 1102 1203 1105 >

671 1150 878 1214 duram,
905 1148 1138 1203 difficilis
1158 1164 1332 1202 mane.

878 1439 929 1496 0
989 1440 1052 1496 D
1112 1437 1166 1492 E
1283 1436 1509 1492 VIII.

639 1558 731 1601 An
780 1558 832 1602 c.
881 1556 1194 1602 camum
1237 1554 1760 1600 MAECENA'rssm.

520 1765 759 1803 Visituxtem
778 1777 819 1801 se
835 1765 1134 1806 Maecenatem,
1157 1759 1462 1811 mirantemque,
1483 1762 1589 1810 quod
1606 1761 1754 1798 festum
1773 1775 1957 1811 appara..

449 1829 528 1873 rit,
556 1830 720 1872 edocet,
745 1827 852 1864 velle
870 1839 912 1863 se
931 1825 1037 1863 diem
1055 1825 1254 1869 recolere,
1283 1837 1361 1875 quo
1380 1830 1557 1861 servatus
1578 1824 1630 1861 sit
1648 1824 1696 1860 ab
1723 1826 1865 1862 arbore
1883 1826 1956 1863 ir-

448 1899 605 1935 ruente,
625 1890 873 1940 amicumque
891 1890 943 1927 nd
959 1888 1147 1926 hilariter
1164 1889 1385 1937 degendum
1404 1887 1565 1925 invitat.
1615 1891 1741 1926 Metr.
1761 1889 1900 1927 xvn.

522 1981 741 2043 Martiis
760 1987 962 2042 caelebs
981 1987 1116 2059 quid
1137 2003 1290 2059 agam
1310 1984 1572 2051 CalendiS,
1624 2027 1627 2030 -

523 2064 656 2136 quid
677 2063 841 2118 velint
861 2061 1010 2116 flores
1036 2070 1087 2116 et
1106 2080 1278 2115 acerra
1298 2061 1469 2115 thuris

521 2139 693 2210 plena,
719 2138 945 2201 mirariS,
969 2138 1281 2208 positusque
1299 2138 1453 2190 carbo
1475 2136 1531 2189 in

670 2214 861 2284 cespite
882 2213 1022 2277 νὶνο,

340 2319 362 2358 5
523 2305 668 2358 docte
688 2322 956 2358 sermones
977 2304 1258 2374 utriusque
1278 2302 1510 2375 linguae.

522 2380 777 2434 Voveram
800 2379 979 2434 dulces
997 2377 1181 2448 epulas
1202 2386 1251 2432 et
1276 2379 1459 2432 album

522 2455 710 2509 Libero
728 2472 963 2526 caprum,
987 2470 1148 2523 prope
1167 2452 1438 2510 funeratus

672 2530 873 2583 arboris
901 2529 1023 2580 ictu.

523 2620 620 2671 Hic
638 2619 768 2681 dies,
793 2635 930 2670 anno
952 2616 1216 2679 redeunte,
1240 2614 1402 2668 festus

343 2703 394 2744 1ο
522 2692 764 2745 corticem
785 2690 1090 2743 adstrictum
1113 2689 1228 2761 pice
1247 2689 1546 2744 demovebit

115 2801 454 3050 'N
