2081 3169
581 225 724 269 Lm.
764 226 832 270 11.
889 225 1138 274 EPIST,
1176 230 1245 277 11.
1525 226 1653 294 ,285

155 324 441 396 civilisque
460 323 648 378 rudem
673 323 797 378 belli
817 323 938 379 tulit
961 333 1137 380 aestus
1156 328 1213 382 in
1233 346 1397 396 arma,

76 457 79 460 ,
156 400 399 456 Caesaris
424 399 656 471 Augusti
678 417 783 453 non
809 416 1125 470 responsura
1147 399 1369 458 lacertiS.

158 474 310 529 Unde
327 472 491 528 simul
517 474 756 544 primum
774 491 861 528 me
878 474 1128 528 dimisere
1144 476 1395 548 Philippi,

157 549 349 604 decisis
369 547 631 602 humilem
652 548 862 620 pennis,
887 550 1203 621 inopemque
1220 553 1421 622 paterni

157 632 209 679 et
227 622 379 677 Laris
399 629 449 676 et
468 621 641 688 fundi,
663 630 944 695 paupertas
963 624 1180 695 impulit
1199 625 1392 691 audax,

157 705 220 754 ut
238 715 427 752 versus
446 696 694 766 facerem;
737 698 849 763 sed,
872 698 1017 770 quod
1037 717 1142 754 non
1164 700 1314 765 desit,
1338 702 1614 756 habentem

159 789 298 846 quae
317 779 562 843 poterunt
581 790 841 844 umquam
857 774 984 827 satis
1004 791 1299 848 expurgare
1317 776 1532 841 cicutae,

158 848 218 902 ni
239 847 432 901 melius
453 846 680 902 dormire
697 856 898 918 putem,
922 866 1088 920 quam
1108 851 1336 903 scribere
1358 849 1576 906 versus?

159 920 388 995 Singula
407 921 473 976 de
492 922 645 976 nobis
665 923 791 977 anni
810 923 1129 993 praedantur
1147 933 1356 980 euntes:

159 997 400 1068 eripuere
420 996 576 1061 iocos,
602 998 875 1063 Venerem,
899 998 1162 1063 convivia,
1188 998 1395 1064 ludum,

159 1071 386 1125 tendunt
402 1077 710 1143 extorquere
728 1080 990 1143 poemata:
1034 1072 1169 1145 quid
1188 1073 1375 1128 faciam
1398 1074 1478 1130 vis
1490 1073 1519 1127 ‘2

159 1146 401 1217 Denique
419 1162 525 1199 non
544 1162 728 1201 omnes
747 1147 929 1201 eadem
951 1148 1211 1202 mirantur
1229 1156 1540 1221 amantque:

159 1221 397 1275 carmine
414 1227 473 1274 tu
491 1221 710 1292 gaudes,
733 1220 821 1275 hic
841 1221 1122 1277 delectatur
1139 1224 1350 1288 iambiS,

160 1294 256 1348 ille
271 1295 480 1348 Bioneis
501 1296 836 1350 sermonibus
855 1304 905 1350 et
922 1297 1030 1351 sale
1050 1298 1221 1369 nigro.

162 1371 292 1423 Tres
311 1368 447 1422 mihi
466 1370 720 1424 convivae
736 1387 899 1440 prope
917 1370 1196 1424 dissentire
1214 1371 1478 1435 videntur,

160 1450 435 1515 poscentes
455 1443 601 1498 vario
620 1443 852 1499 multum
873 1444 1081 1500 diversa
1105 1443 1295 1515 palato,

163 1517 309 1587 Quid
337 1516 496 1573 dem?
530 1518 664 1592 quid
689 1534 798 1573 non
824 1517 984 1573 dem?
1020 1520 1220 1574 Renuis
1240 1517 1386 1592 quod
1405 1527 1482 1584 tu,
1516 1519 1661 1574 iubet

1154 1595 1282 1650 alter
1296 1613 1307 1624 ·

161 1667 311 1742 quod
328 1667 482 1738 petia,
512 1667 568 1721 id
587 1684 713 1722 sane
732 1675 810 1721 est
829 1668 1069 1723 invisum
1089 1636 1406 1741 acidum’que
1426 1668 1655 1723 duobuS.

241 1743 449 1797 Praeter
467 1749 650 1806 cetera,
676 1760 761 1796 me
778 1743 1040 1797 Romaene
1056 1750 1294 1814 poemata
1312 1760 1489 1796 censes

163 1817 394 1871 scribere
413 1832 584 1887 posse,
616 1818 750 1871 inter
771 1824 842 1871 tot
861 1835 1014 1872 curas
1034 1826 1214 1889 totque
1234 1816 1471 1871 labores?

161 1892 265 1945 Hic
285 1908 541 1961 sponsum
558 1899 726 1955 vocat,
750 1891 840 1945 hic
858 1892 1099 1947 auditum
1119 1892 1327 1962 scripta,
1353 1890 1544 1945 relictis

162 1966 418 2021 omnibus
442 1964 656 2020 officiis:
699 1967 858 2020 cubat
874 1967 964 2021 hio
982 1967 1036 2021 in
1059 1966 1189 2021 colle
1208 1966 1437 2033 Quirini,

162 2042 257 2096 hic
275 2047 507 2093 extremo
525 2041 582 2094 in
600 2039 879 2106 Aventino,
901 2041 1155 2097 visendus
1176 2049 1419 2112 uterque:

163 2113 443 2170 intervalla
468 2113 618 2169 vides
636 2113 870 2169 humane
887 2116 1181 2170 commoda.
1259 2135 1285 2166 2>
1297 2116 1489 2171 Verum

162 2205 369 2261 »purae
386 2196 512 2243 sunt
528 2188 744 2259 plateae,
767 2188 902 2244 nihil
923 2197 983 2245 ut
1001 2189 1378 2245 meditantibus
1397 2188 1582 2241 obstet.
1596 2208 1619 2237 α

163 2264 402 2319 Festinat
421 2261 624 2318 calidus
644 2263 807 2318 mulis
826 2264 1135 2337 gerulisque
1153 2261 1429 2325 redemtor,

165 2346 377 2409 torquet
394 2354 539 2391 nunc
558 2337 786 2409 lapidem
806 2356 950 2393 nuno
970 2339 1158 2410 ingens
1176 2335 1419 2390 machina
1431 2335 1657 2406 tignum,

165 2413 337 2466 tristia
358 2412 589 2466 robustis
616 2411 880 2467 luctantur
900 2411 1085 2467 funera
1104 2410 1373 2482 plaustriS‚

165 2488 270 2541 hac
288 2486 495 2540 rabiosa
516 2485 643 2539 furit
659 2487 824 2552 caniS‚
848 2487 948 2542 hac
966 2486 1222 2541 lutulenta
1240 2485 1348 2539 ruit
1366 2501 1485 2538 sus:

166 2564 187 2614 i
214 2577 361 2614 nunc
384 2567 435 2613 et
454 2576 638 2614 versus
658 2568 831 2615 tecum
856 2560 1107 2615 meditare
1124 2576 1360 2613 canoros,

166 2634 497 2706 Scriptorum
525 2634 717 2692 chorus
744 2636 917 2691 omnis
945 2640 1088 2690 amat
1112 2650 1319 2694 nemuS.
1351 2638 1400 2687 et
1419 2630 1555 2705 fugit
1574 2647 1665 2685 ur-

1159 2706 1272 2773 bes,

1712 566 1762 607 50

1713 936 1764 980 55

1712 1307 1765 1350 60

1717 1755 1766 1795 65

1717 2123 1769 2163 70

1718 2491 1770 2532 75
