<?xml version="1.0" encoding="UTF-8"?>
<!DOCTYPE html PUBLIC "-//W3C//DTD XHTML 1.0 Transitional//EN"
    "http://www.w3.org/TR/xhtml1/DTD/xhtml1-transitional.dtd">
<html xmlns="http://www.w3.org/1999/xhtml" xml:lang="en" lang="en">
 <head>
  <title>
</title>
<meta http-equiv="Content-Type" content="text/html;charset=utf-8" />
  <meta name='ocr-system' content='tesseract 3.04.00' />
  <meta name='ocr-capabilities' content='ocr_page ocr_carea ocr_par ocr_line ocrx_word'/>
</head>
<body>
  <div class='ocr_page' id='page_1' title='image "./qhoratiiflaccio02weisgoog_0020.png"; bbox 0 0 2081 3169; ppageno 0'>
   <div class='ocr_carea' id='block_1_1' title="bbox 480 208 1431 267">
    <p class='ocr_par' dir='ltr' id='par_1_1' title="bbox 480 208 1431 267">
     <span class='ocr_line' id='line_1_1' title="bbox 480 208 1431 267; baseline 0.006 -6"><span class='ocrx_word' id='word_1_1' title='bbox 480 208 540 261; x_wconf 69' lang='lat'><strong>{0</strong></span> <span class='ocrx_word' id='word_1_2' title='bbox 1026 217 1431 267; x_wconf 69' lang='lat' dir='ltr'><strong>oDARun</strong></span> 
     </span>
    </p>
   </div>
   <div class='ocr_carea' id='block_1_2' title="bbox 359 311 2040 1373">
    <p class='ocr_par' dir='ltr' id='par_1_2' title="bbox 359 311 2040 1373">
     <span class='ocr_line' id='line_1_2' title="bbox 477 311 1717 396; baseline 0.01 -29"><span class='ocrx_word' id='word_1_3' title='bbox 477 311 643 379; x_wconf 82' lang='lat' dir='ltr'><strong>molli,</strong></span> <span class='ocrx_word' id='word_1_4' title='bbox 668 314 873 381; x_wconf 78' lang='lat' dir='ltr'><strong>Plance,</strong></span> <span class='ocrx_word' id='word_1_5' title='bbox 896 334 1058 381; x_wconf 88' lang='lat' dir='ltr'><strong>mero,</strong></span> <span class='ocrx_word' id='word_1_6' title='bbox 1082 335 1177 372; x_wconf 90' lang='lat' dir='ltr'><strong>seu</strong></span> <span class='ocrx_word' id='word_1_7' title='bbox 1197 327 1247 373; x_wconf 86' lang='lat' dir='ltr'><strong>te</strong></span> <span class='ocrx_word' id='word_1_8' title='bbox 1266 319 1520 394; x_wconf 82' lang='lat' dir='ltr'><strong>fulgentia</strong></span> <span class='ocrx_word' id='word_1_9' title='bbox 1546 325 1717 396; x_wconf 69' lang='lat' dir='ltr'><strong>sigma</strong></span> 
     </span>
     <span class='ocr_line' id='line_1_3' title="bbox 366 393 1450 456; baseline 0.009 -16"><span class='ocrx_word' id='word_1_10' title='bbox 366 399 418 441; x_wconf 85' lang='lat'><strong>20</strong></span> <span class='ocrx_word' id='word_1_11' title='bbox 552 397 717 444; x_wconf 89' lang='lat' dir='ltr'><strong>castra</strong></span> <span class='ocrx_word' id='word_1_12' title='bbox 739 398 930 456; x_wconf 85' lang='lat' dir='ltr'><strong>tenent,</strong></span> <span class='ocrx_word' id='word_1_13' title='bbox 953 410 1050 446; x_wconf 88' lang='lat' dir='ltr'><strong>seu</strong></span> <span class='ocrx_word' id='word_1_14' title='bbox 1071 393 1232 449; x_wconf 85' lang='lat' dir='ltr'><strong>densa</strong></span> <span class='ocrx_word' id='word_1_15' title='bbox 1253 397 1450 450; x_wconf 81' lang='lat' dir='ltr'><strong>tenebit</strong></span> 
     </span>
     <span class='ocr_line' id='line_1_4' title="bbox 476 464 1936 548; baseline 0.01 -31"><span class='ocrx_word' id='word_1_16' title='bbox 476 464 690 518; x_wconf 85' lang='lat' dir='ltr'><strong>Tiburis</strong></span> <span class='ocrx_word' id='word_1_17' title='bbox 710 466 899 520; x_wconf 84' lang='lat' dir='ltr'><strong>umbra</strong></span> <span class='ocrx_word' id='word_1_18' title='bbox 921 468 1019 521; x_wconf 88' lang='lat' dir='ltr'><strong>tui.</strong></span> <span class='ocrx_word' id='word_1_19' title='bbox 1098 470 1310 535; x_wconf 86' lang='lat' dir='ltr'><strong>Teuoer,</strong></span> <span class='ocrx_word' id='word_1_20' title='bbox 1335 471 1600 528; x_wconf 82' lang='lat' dir='ltr'><strong>Salamina</strong></span> <span class='ocrx_word' id='word_1_21' title='bbox 1626 481 1936 548; x_wconf 87' lang='lat' dir='ltr'><strong>patremque</strong></span> 
     </span>
     <span class='ocr_line' id='line_1_5' title="bbox 546 540 1473 620; baseline 0.011 -28"><span class='ocrx_word' id='word_1_22' title='bbox 546 557 718 611; x_wconf 87' lang='lat' dir='ltr'><strong>quum</strong></span> <span class='ocrx_word' id='word_1_23' title='bbox 738 540 956 613; x_wconf 80' lang='lat' dir='ltr'><strong>fugeret,</strong></span> <span class='ocrx_word' id='word_1_24' title='bbox 981 550 1155 598; x_wconf 86' lang='lat' dir='ltr'><strong>tamen</strong></span> <span class='ocrx_word' id='word_1_25' title='bbox 1176 545 1280 599; x_wconf 88' lang='lat' dir='ltr'><strong>uda</strong></span> <span class='ocrx_word' id='word_1_26' title='bbox 1301 547 1473 620; x_wconf 88' lang='lat' dir='ltr'><strong>Lyaeo</strong></span> 
     </span>
     <span class='ocr_line' id='line_1_6' title="bbox 472 616 1618 689; baseline 0.01 -22"><span class='ocrx_word' id='word_1_27' title='bbox 472 621 702 684; x_wconf 87' lang='lat' dir='ltr'><strong>tempora</strong></span> <span class='ocrx_word' id='word_1_28' title='bbox 723 616 946 687; x_wconf 90' lang='lat' dir='ltr'><strong>populea</strong></span> <span class='ocrx_word' id='word_1_29' title='bbox 967 616 1130 672; x_wconf 83' lang='lat' dir='ltr'><strong>fertur</strong></span> <span class='ocrx_word' id='word_1_30' title='bbox 1157 621 1392 676; x_wconf 80' lang='lat' dir='ltr'>vinxisse</span> <span class='ocrx_word' id='word_1_31' title='bbox 1409 639 1618 689; x_wconf 74' lang='lat' dir='ltr'><strong>corona,</strong></span> 
     </span>
     <span class='ocr_line' id='line_1_7' title="bbox 547 690 1263 749; baseline 0.01 -7"><span class='ocrx_word' id='word_1_32' title='bbox 547 690 624 744; x_wconf 85' lang='lat' dir='ltr'><strong>sic</strong></span> <span class='ocrx_word' id='word_1_33' title='bbox 644 692 813 744; x_wconf 76' lang='lat' dir='ltr'><strong>tristes</strong></span> <span class='ocrx_word' id='word_1_34' title='bbox 833 691 1019 746; x_wconf 86' lang='lat' dir='ltr'><strong>affatus</strong></span> <span class='ocrx_word' id='word_1_35' title='bbox 1038 695 1263 749; x_wconf 84' lang='lat' dir='ltr'><strong>amieos:</strong></span> 
     </span>
     <span class='ocr_line' id='line_1_8' title="bbox 362 763 1795 844; baseline 0.01 -29"><span class='ocrx_word' id='word_1_36' title='bbox 362 772 413 814; x_wconf 84' lang='lat'><strong>25</strong></span> <span class='ocrx_word' id='word_1_37' title='bbox 470 763 586 829; x_wconf 83' lang='lat' dir='ltr'><strong>Quo</strong></span> <span class='ocrx_word' id='word_1_38' title='bbox 607 781 702 819; x_wconf 91' lang='lat' dir='ltr'><strong>nos</strong></span> <span class='ocrx_word' id='word_1_39' title='bbox 721 783 952 838; x_wconf 88' lang='lat' dir='ltr'><strong>cumque</strong></span> <span class='ocrx_word' id='word_1_40' title='bbox 969 766 1096 822; x_wconf 87' lang='lat' dir='ltr'><strong>feret</strong></span> <span class='ocrx_word' id='word_1_41' title='bbox 1115 770 1298 823; x_wconf 90' lang='lat' dir='ltr'><strong>melior</strong></span> <span class='ocrx_word' id='word_1_42' title='bbox 1316 771 1546 826; x_wconf 85' lang='lat' dir='ltr'>Fortuna</span> <span class='ocrx_word' id='word_1_43' title='bbox 1565 782 1795 844; x_wconf 80' lang='lat' dir='ltr'><strong>parente,</strong></span> 
     </span>
     <span class='ocr_line' id='line_1_9' title="bbox 548 840 1327 917; baseline 0.01 -25"><span class='ocrx_word' id='word_1_44' title='bbox 548 840 765 906; x_wconf 81' lang='lat' dir='ltr'><strong>ibimuS‚</strong></span> <span class='ocrx_word' id='word_1_45' title='bbox 790 858 822 894; x_wconf 93' lang='lat' dir='ltr'>o</span> <span class='ocrx_word' id='word_1_46' title='bbox 841 843 967 895; x_wconf 87' lang='lat' dir='ltr'><strong>socii</strong></span> <span class='ocrx_word' id='word_1_47' title='bbox 988 844 1327 917; x_wconf 86' lang='lat' dir='ltr'><strong>eomitesque.</strong></span> 
     </span>
     <span class='ocr_line' id='line_1_10' title="bbox 472 914 1881 994; baseline 0.008 -26"><span class='ocrx_word' id='word_1_48' title='bbox 472 914 559 968; x_wconf 88' lang='lat' dir='ltr'><strong>Nil</strong></span> <span class='ocrx_word' id='word_1_49' title='bbox 574 914 963 985; x_wconf 83' lang='lat' dir='ltr'><strong>desperandum</strong></span> <span class='ocrx_word' id='word_1_50' title='bbox 984 918 1183 974; x_wconf 85' lang='lat' dir='ltr'>Teucro</span> <span class='ocrx_word' id='word_1_51' title='bbox 1199 921 1335 976; x_wconf 89' lang='lat' dir='ltr'><strong>duee</strong></span> <span class='ocrx_word' id='word_1_52' title='bbox 1352 928 1402 976; x_wconf 86' lang='lat' dir='ltr'><strong>et</strong></span> <span class='ocrx_word' id='word_1_53' title='bbox 1425 922 1638 994; x_wconf 78' lang='lat' dir='ltr'><strong>auspice</strong></span> <span class='ocrx_word' id='word_1_54' title='bbox 1656 925 1881 979; x_wconf 84' lang='lat' dir='ltr'>Teucro:</span> 
     </span>
     <span class='ocr_line' id='line_1_11' title="bbox 543 992 1358 1065; baseline 0.01 -23"><span class='ocrx_word' id='word_1_55' title='bbox 543 997 712 1043; x_wconf 76' lang='lat' dir='ltr'><strong>certus</strong></span> <span class='ocrx_word' id='word_1_56' title='bbox 733 992 874 1045; x_wconf 86' lang='lat' dir='ltr'><strong>enim</strong></span> <span class='ocrx_word' id='word_1_57' title='bbox 895 994 1137 1063; x_wconf 86' lang='lat' dir='ltr'><strong>promisit</strong></span> <span class='ocrx_word' id='word_1_58' title='bbox 1155 995 1358 1065; x_wconf 81' lang='lat' dir='ltr'><strong>Apollo,</strong></span> 
     </span>
     <span class='ocr_line' id='line_1_12' title="bbox 469 1064 1696 1136; baseline 0.008 -19"><span class='ocrx_word' id='word_1_59' title='bbox 469 1064 776 1136; x_wconf 75' lang='lat' dir='ltr'><strong>ambiguam</strong></span> <span class='ocrx_word' id='word_1_60' title='bbox 797 1064 982 1121; x_wconf 82' lang='lat' dir='ltr'><strong>tellure</strong></span> <span class='ocrx_word' id='word_1_61' title='bbox 1002 1084 1137 1122; x_wconf 88' lang='lat' dir='ltr'><strong>nova</strong></span> <span class='ocrx_word' id='word_1_62' title='bbox 1158 1069 1423 1126; x_wconf 84' lang='lat' dir='ltr'><strong>Salamina</strong></span> <span class='ocrx_word' id='word_1_63' title='bbox 1444 1070 1696 1127; x_wconf 84' lang='lat' dir='ltr'><strong>futuram.</strong></span> 
     </span>
     <span class='ocr_line' id='line_1_13' title="bbox 359 1139 1220 1214; baseline 0.014 -28"><span class='ocrx_word' id='word_1_64' title='bbox 359 1145 409 1186; x_wconf 87' lang='lat'><strong>30</strong></span> <span class='ocrx_word' id='word_1_65' title='bbox 542 1139 587 1195; x_wconf 93' lang='grc' dir='ltr'><strong>Ο</strong></span> <span class='ocrx_word' id='word_1_66' title='bbox 607 1139 762 1193; x_wconf 73' lang='lat' dir='ltr'><strong>{ortes</strong></span> <span class='ocrx_word' id='word_1_67' title='bbox 780 1143 1063 1213; x_wconf 88' lang='lat' dir='ltr'><strong>peioraque</strong></span> <span class='ocrx_word' id='word_1_68' title='bbox 1079 1145 1220 1214; x_wconf 91' lang='lat' dir='ltr'><strong>passi</strong></span> 
     </span>
     <span class='ocr_line' id='line_1_14' title="bbox 467 1216 2040 1295; baseline 0.009 -29"><span class='ocrx_word' id='word_1_69' title='bbox 467 1229 675 1267; x_wconf 86' lang='lat' dir='ltr'><strong>mecum</strong></span> <span class='ocrx_word' id='word_1_70' title='bbox 696 1231 850 1285; x_wconf 80' lang='lat' dir='ltr'><strong>saepe</strong></span> <span class='ocrx_word' id='word_1_71' title='bbox 868 1216 988 1281; x_wconf 89' lang='lat' dir='ltr'><strong>viri,</strong></span> <span class='ocrx_word' id='word_1_72' title='bbox 1015 1235 1159 1272; x_wconf 86' lang='lat' dir='ltr'><strong>nunc</strong></span> <span class='ocrx_word' id='word_1_73' title='bbox 1177 1219 1302 1274; x_wconf 89' lang='lat' dir='ltr'><strong>vino</strong></span> <span class='ocrx_word' id='word_1_74' title='bbox 1320 1220 1497 1291; x_wconf 85' lang='lat' dir='ltr'><strong>pellite</strong></span> <span class='ocrx_word' id='word_1_75' title='bbox 1514 1238 1693 1295; x_wconf 80' lang='lat' dir='ltr'><strong>curas3</strong></span> <span class='ocrx_word' id='word_1_76' title='bbox 2039 1234 2040 1263; x_wconf 61' lang='lat'>¹</span> 
     </span>
     <span class='ocr_line' id='line_1_15' title="bbox 540 1266 2040 1373; baseline 0.01 -32"><span class='ocrx_word' id='word_1_77' title='bbox 540 1304 655 1342; x_wconf 78' lang='lat' dir='ltr'><strong>oras</strong></span> <span class='ocrx_word' id='word_1_78' title='bbox 676 1289 863 1361; x_wconf 81' lang='lat' dir='ltr'><strong>ingens</strong></span> <span class='ocrx_word' id='word_1_79' title='bbox 885 1291 1192 1347; x_wconf 80' lang='lat' dir='ltr'><strong>iterabimus</strong></span> <span class='ocrx_word' id='word_1_80' title='bbox 1212 1312 1425 1366; x_wconf 88' lang='lat' dir='ltr'><strong>aequor.</strong></span> <span class='ocrx_word' id='word_1_81' title='bbox 2037 1266 2040 1373; x_wconf 32' lang='lat' dir='ltr'><strong>i</strong></span> 
     </span>
    </p>
   </div>
   <div class='ocr_carea' id='block_1_3' title="bbox 814 1549 1597 1716">
    <p class='ocr_par' dir='ltr' id='par_1_3' title="bbox 814 1549 1597 1716">
     <span class='ocr_line' id='line_1_16' title="bbox 935 1549 1489 1609; baseline 0.005 -3"><span class='ocrx_word' id='word_1_82' title='bbox 935 1549 1171 1607; x_wconf 79' lang='lat' dir='ltr'><strong>ODE</strong></span> <span class='ocrx_word' id='word_1_83' title='bbox 1265 1551 1489 1609; x_wconf 89' lang='lat' dir='ltr'><strong>VIII.</strong></span> 
     </span>
     <span class='ocr_line' id='line_1_17' title="bbox 814 1669 1597 1716; baseline 0.004 -6"><span class='ocrx_word' id='word_1_84' title='bbox 814 1669 954 1712; x_wconf 73' lang='lat' dir='ltr'><strong>An</strong></span> <span class='ocrx_word' id='word_1_85' title='bbox 1061 1671 1597 1716; x_wconf 67' lang='lat' dir='ltr'><strong>LYnlam.</strong></span> 
     </span>
    </p>
   </div>
   <div class='ocr_carea' id='block_1_4' title="bbox 1037 1791 1379 1804">
    <p class='ocr_par' dir='ltr' id='par_1_4' title="bbox 1037 1791 1379 1804">
     <span class='ocr_line' id='line_1_18' title="bbox 1037 1791 1379 1804; baseline 0 1365"><span class='ocrx_word' id='word_1_86' title='bbox 1037 1791 1379 1804; x_wconf 95' lang='lat' dir='ltr'><strong> </strong></span> 
     </span>
    </p>
   </div>
   <div class='ocr_carea' id='block_1_5' title="bbox 461 1872 1961 1981">
    <p class='ocr_par' dir='ltr' id='par_1_5' title="bbox 461 1872 1961 1981">
     <span class='ocr_line' id='line_1_19' title="bbox 461 1872 1961 1934; baseline 0.011 -26"><span class='ocrx_word' id='word_1_87' title='bbox 461 1872 694 1911; x_wconf 69' lang='lat' dir='ltr'><strong>obtestatur</strong></span> <span class='ocrx_word' id='word_1_88' title='bbox 712 1887 812 1920; x_wconf 75' lang='lat' dir='ltr'><strong>eam,</strong></span> <span class='ocrx_word' id='word_1_89' title='bbox 830 1888 881 1912; x_wconf 82' lang='lat' dir='ltr'><strong>ne</strong></span> <span class='ocrx_word' id='word_1_90' title='bbox 900 1876 1081 1926; x_wconf 78' lang='lat' dir='ltr'><strong>Sybarim</strong></span> <span class='ocrx_word' id='word_1_91' title='bbox 1099 1878 1283 1917; x_wconf 80' lang='lat' dir='ltr'><strong>iuvenem</strong></span> <span class='ocrx_word' id='word_1_92' title='bbox 1308 1880 1469 1928; x_wconf 76' lang='lat' dir='ltr'><strong>penitus</strong></span> <span class='ocrx_word' id='word_1_93' title='bbox 1496 1894 1626 1919; x_wconf 72' lang='lat' dir='ltr'><strong>amore</strong></span> <span class='ocrx_word' id='word_1_94' title='bbox 1652 1895 1725 1920; x_wconf 73' lang='lat' dir='ltr'><strong>auo</strong></span> <span class='ocrx_word' id='word_1_95' title='bbox 1749 1885 1961 1934; x_wconf 76' lang='lat' dir='ltr'><strong>perditum</strong></span> 
     </span>
     <span class='ocr_line' id='line_1_20' title="bbox 1029 1945 1369 1981; baseline 0.009 -4"><span class='ocrx_word' id='word_1_96' title='bbox 1029 1948 1104 1978; x_wconf 77' lang='lat' dir='ltr'><strong>cat.</strong></span> <span class='ocrx_word' id='word_1_97' title='bbox 1154 1945 1276 1981; x_wconf 85' lang='lat' dir='ltr'><strong>Metr.</strong></span> <span class='ocrx_word' id='word_1_98' title='bbox 1297 1945 1369 1980; x_wconf 82' lang='lat' dir='ltr'><strong>VI.</strong></span> 
     </span>
    </p>
   </div>
   <div class='ocr_carea' id='block_1_6' title="bbox 340 2029 1894 2795">
    <p class='ocr_par' dir='ltr' id='par_1_6' title="bbox 340 2029 1894 2795">
     <span class='ocr_line' id='line_1_21' title="bbox 456 2029 1077 2111; baseline 0.01 -21"><span class='ocrx_word' id='word_1_99' title='bbox 456 2029 637 2111; x_wconf 79' lang='lat' dir='ltr'><strong>Lydia</strong></span> <span class='ocrx_word' id='word_1_100' title='bbox 657 2038 758 2103; x_wconf 85' lang='lat' dir='ltr'><strong>die,</strong></span> <span class='ocrx_word' id='word_1_101' title='bbox 783 2057 875 2110; x_wconf 90' lang='lat' dir='ltr'><strong>per</strong></span> <span class='ocrx_word' id='word_1_102' title='bbox 893 2057 1077 2096; x_wconf 88' lang='lat' dir='ltr'><strong>omnes</strong></span> 
     </span>
     <span class='ocr_line' id='line_1_22' title="bbox 530 2112 1726 2191; baseline 0.008 -25"><span class='ocrx_word' id='word_1_103' title='bbox 530 2121 580 2166; x_wconf 86' lang='lat' dir='ltr'><strong>te</strong></span> <span class='ocrx_word' id='word_1_104' title='bbox 599 2112 723 2168; x_wconf 86' lang='lat' dir='ltr'><strong>deos</strong></span> <span class='ocrx_word' id='word_1_105' title='bbox 741 2131 849 2180; x_wconf 87' lang='lat' dir='ltr'><strong>ore,</strong></span> <span class='ocrx_word' id='word_1_106' title='bbox 873 2114 1102 2189; x_wconf 84' lang='lat' dir='ltr'><strong>Sybarin</strong></span> <span class='ocrx_word' id='word_1_107' title='bbox 1122 2135 1218 2173; x_wconf 88' lang='lat' dir='ltr'><strong>cur</strong></span> <span class='ocrx_word' id='word_1_108' title='bbox 1236 2136 1482 2191; x_wconf 56' lang='lat' dir='ltr'><strong>properes</strong></span> <span class='ocrx_word' id='word_1_109' title='bbox 1501 2121 1726 2176; x_wconf 88' lang='lat' dir='ltr'><strong>amando</strong></span> 
     </span>
     <span class='ocr_line' id='line_1_23' title="bbox 452 2187 1704 2260; baseline 0.013 -20"><span class='ocrx_word' id='word_1_110' title='bbox 452 2187 702 2259; x_wconf 79' lang='lat' dir='ltr'><strong>perdere?</strong></span> <span class='ocrx_word' id='word_1_111' title='bbox 738 2205 833 2243; x_wconf 86' lang='lat' dir='ltr'><strong>cur</strong></span> <span class='ocrx_word' id='word_1_112' title='bbox 852 2191 1089 2260; x_wconf 84' lang='lat' dir='ltr'><strong>apricum</strong></span> <span class='ocrx_word' id='word_1_113' title='bbox 1701 2253 1704 2256; x_wconf 87' lang='lat'>.</span> 
     </span>
     <span class='ocr_line' id='line_1_24' title="bbox 527 2263 1843 2343; baseline 0.008 -27"><span class='ocrx_word' id='word_1_114' title='bbox 527 2263 693 2317; x_wconf 88' lang='lat' dir='ltr'><strong>oderit</strong></span> <span class='ocrx_word' id='word_1_115' title='bbox 711 2280 978 2336; x_wconf 88' lang='lat' dir='ltr'><strong>campum,</strong></span> <span class='ocrx_word' id='word_1_116' title='bbox 1006 2267 1209 2338; x_wconf 87' lang='lat' dir='ltr'><strong>patiens</strong></span> <span class='ocrx_word' id='word_1_117' title='bbox 1230 2267 1465 2340; x_wconf 84' lang='lat' dir='ltr'><strong>pulveris</strong></span> <span class='ocrx_word' id='word_1_118' title='bbox 1489 2277 1648 2343; x_wconf 86' lang='lat' dir='ltr'><strong>atque</strong></span> <span class='ocrx_word' id='word_1_119' title='bbox 1666 2271 1843 2327; x_wconf 70' lang='lat' dir='ltr'><strong>Solis?</strong></span> 
     </span>
     <span class='ocr_line' id='line_1_25' title="bbox 345 2337 1015 2411; baseline 0.009 -22"><span class='ocrx_word' id='word_1_120' title='bbox 345 2349 368 2388; x_wconf 82' lang='lat'>5</span> <span class='ocrx_word' id='word_1_121' title='bbox 453 2337 562 2392; x_wconf 90' lang='lat' dir='ltr'><strong>Cur</strong></span> <span class='ocrx_word' id='word_1_122' title='bbox 581 2356 753 2411; x_wconf 83' lang='lat' dir='ltr'><strong>neque</strong></span> <span class='ocrx_word' id='word_1_123' title='bbox 772 2340 1015 2395; x_wconf 86' lang='lat' dir='ltr'><strong>militaris</strong></span> 
     </span>
     <span class='ocr_line' id='line_1_26' title="bbox 527 2414 1721 2493; baseline 0.008 -27"><span class='ocrx_word' id='word_1_124' title='bbox 527 2414 661 2467; x_wconf 86' lang='lat' dir='ltr'><strong>inter</strong></span> <span class='ocrx_word' id='word_1_125' title='bbox 678 2415 920 2486; x_wconf 87' lang='lat' dir='ltr'><strong>aequales</strong></span> <span class='ocrx_word' id='word_1_126' title='bbox 945 2417 1162 2487; x_wconf 87' lang='lat' dir='ltr'><strong>equitat,</strong></span> <span class='ocrx_word' id='word_1_127' title='bbox 1188 2417 1387 2473; x_wconf 89' lang='lat' dir='ltr'><strong>Gallica</strong></span> <span class='ocrx_word' id='word_1_128' title='bbox 1408 2436 1505 2473; x_wconf 87' lang='lat' dir='ltr'><strong>nee</strong></span> <span class='ocrx_word' id='word_1_129' title='bbox 1529 2418 1721 2493; x_wconf 87' lang='lat' dir='ltr'><strong>lupatis</strong></span> 
     </span>
     <span class='ocr_line' id='line_1_27' title="bbox 451 2490 1027 2560; baseline 0.002 -19"><span class='ocrx_word' id='word_1_130' title='bbox 451 2494 702 2560; x_wconf 86' lang='lat' dir='ltr'><strong>temperat</strong></span> <span class='ocrx_word' id='word_1_131' title='bbox 721 2508 810 2545; x_wconf 90' lang='lat' dir='ltr'><strong>ora</strong></span> <span class='ocrx_word' id='word_1_132' title='bbox 829 2490 1027 2545; x_wconf 67' lang='lat' dir='ltr'><strong>frenis?</strong></span> 
     </span>
     <span class='ocr_line' id='line_1_28' title="bbox 523 2564 1894 2645; baseline 0.009 -28"><span class='ocrx_word' id='word_1_133' title='bbox 523 2581 618 2618; x_wconf 87' lang='lat' dir='ltr'><strong>cur</strong></span> <span class='ocrx_word' id='word_1_134' title='bbox 638 2565 786 2619; x_wconf 81' lang='lat' dir='ltr'><strong>timet</strong></span> <span class='ocrx_word' id='word_1_135' title='bbox 805 2564 1005 2620; x_wconf 89' lang='lat' dir='ltr'><strong>flavum</strong></span> <span class='ocrx_word' id='word_1_136' title='bbox 1025 2567 1259 2623; x_wconf 88' lang='lat' dir='ltr'><strong>Tiberim</strong></span> <span class='ocrx_word' id='word_1_137' title='bbox 1277 2568 1526 2645; x_wconf 72' lang='lat' dir='ltr'><strong>tangere?</strong></span> <span class='ocrx_word' id='word_1_138' title='bbox 1560 2588 1657 2625; x_wconf 88' lang='lat' dir='ltr'><strong>cur</strong></span> <span class='ocrx_word' id='word_1_139' title='bbox 1678 2571 1894 2630; x_wconf 84' lang='lat' dir='ltr'><strong>olivum</strong></span> 
     </span>
     <span class='ocr_line' id='line_1_29' title="bbox 448 2641 968 2713; baseline 0.006 -19"><span class='ocrx_word' id='word_1_140' title='bbox 448 2641 708 2713; x_wconf 83' lang='lat' dir='ltr'><strong>sanguine</strong></span> <span class='ocrx_word' id='word_1_141' title='bbox 729 2641 968 2711; x_wconf 87' lang='lat' dir='ltr'><strong>viperino</strong></span> 
     </span>
     <span class='ocr_line' id='line_1_30' title="bbox 340 2715 1799 2795; baseline 0.01 -30"><span class='ocrx_word' id='word_1_142' title='bbox 340 2722 391 2766; x_wconf 85' lang='lat'><strong>10</strong></span> <span class='ocrx_word' id='word_1_143' title='bbox 523 2716 729 2770; x_wconf 87' lang='lat' dir='ltr'><strong>cautius</strong></span> <span class='ocrx_word' id='word_1_144' title='bbox 750 2715 913 2771; x_wconf 77' lang='lat' dir='ltr'><strong>vitat?</strong></span> <span class='ocrx_word' id='word_1_145' title='bbox 949 2735 1122 2791; x_wconf 89' lang='lat' dir='ltr'><strong>neque</strong></span> <span class='ocrx_word' id='word_1_146' title='bbox 1141 2718 1247 2773; x_wconf 90' lang='lat' dir='ltr'><strong>iam</strong></span> <span class='ocrx_word' id='word_1_147' title='bbox 1268 2717 1432 2775; x_wconf 84' lang='lat' dir='ltr'><strong>livida</strong></span> <span class='ocrx_word' id='word_1_148' title='bbox 1448 2729 1616 2795; x_wconf 79' lang='lat' dir='ltr'><strong>gestat</strong></span> <span class='ocrx_word' id='word_1_149' title='bbox 1634 2724 1799 2781; x_wconf 86' lang='lat' dir='ltr'><strong>armis</strong></span> 
     </span>
    </p>
   </div>
   <div class='ocr_carea' id='block_1_7' title="bbox 197 2698 405 2928">
    <p class='ocr_par' dir='ltr' id='par_1_7' title="bbox 197 2698 415 2950">
     <span class='ocr_line' id='line_1_31' title="bbox 197 2698 405 2928; baseline 0.106 -1"><span class='ocrx_word' id='word_1_150' title='bbox 197 2698 405 2928; x_wconf 52' lang='lat' dir='ltr'>x</span> 
     </span>
    </p>
   </div>
   <div class='ocr_carea' id='block_1_8' title="bbox 2009 2817 2040 3064">
    <p class='ocr_par' dir='ltr' id='par_1_8' title="bbox 2009 2817 2040 3064">
     <span class='ocr_line' id='line_1_32' title="bbox 2009 2817 2040 3064; textangle 90"><span class='ocrx_word' id='word_1_151' title='bbox 2009 2817 2040 3064; x_wconf 49' lang='lat' dir='ltr'>h...</span> 
     </span>
    </p>
   </div>
  </div>
 </body>
</html>
