2081 3169
590 209 735 256 mn.
774 210 845 255 11:
899 210 1064 257 sA'r.
1102 212 1174 258 11.
1529 206 1632 272 203

126 311 375 370 convivis
419 309 695 382 praebebit
740 326 961 381 aquam:
1032 310 1227 366 vitium
1273 311 1375 366 hoc
1416 329 1634 384 quoque

1123 403 1210 440 ma
1249 403 1403 441 num.

125 463 322 533 Accipe
342 477 507 526 nunc,
532 460 706 516 victus
724 459 899 516 tenuis
916 476 1056 531 quae
1073 403 1377 531 quanffaque
1396 478 1576 517 secum
1686 473 1737 514 70

128 538 328 592 afferat.
408 536 664 607 Inprimis
686 534 859 590 valeas
877 536 1040 590 bene:
1085 553 1209 589 nam
1233 536 1407 590 variae
1426 555 1509 591 res

126 621 189 667 ut
210 618 432 666 noceant
455 611 680 675 homini,
704 610 902 674 credas,
935 627 1136 665 memor
1158 609 1304 664 illius
1323 627 1485 675 escae,

128 705 269 760 quae
288 686 521 757 simplex
539 686 669 742 olim
689 686 784 740 tibi
803 685 1012 739 sederit.
1092 685 1161 739 At
1180 684 1343 741 simul
1363 686 1499 740 assis

125 761 409 817 miscueris
428 760 752 826 elixa‚simul
772 759 1049 834 conchylia
1073 759 1261 825 turdiS,

124 837 306 892 dulcia
332 854 391 890 se
409 837 466 891 in
485 836 650 890 bilem
671 843 887 901 vertent,
913 834 1288 907 stomachoque
1312 834 1601 890 tumultum
1684 847 1736 889 75
1770 876 1773 880 .

123 913 266 968 lenta
286 911 419 967 feret
443 913 651 984 pituita.
730 910 909 976 Vides,
938 918 998 966 ut
1012 909 1246 981 pallidus
1265 912 1441 966 omnis

122 1006 285 1044 coena
308 987 560 1060 desurgat
576 985 777 1041 dubia?
850 985 993 1052 Quin
1013 1002 1204 1057 corpus
1222 993 1478 1041 onustum

121 1062 392 1118 hesternis
416 1063 557 1117 vitiis
576 1062 818 1117 animum
836 1078 1053 1133 quoque
1070 1069 1381 1135 praegravat
1401 1080 1508 1118 una
1521 1103 1533 1127 ‚

121 1147 288 1210 atque
314 1137 481 1210 affigit
498 1136 665 1192 humo
682 1136 894 1206 divinae
911 1137 1223 1208 particulam
1241 1155 1416 1193 aurae.

121 1213 292 1278 Alter,
316 1213 413 1266 ubi
434 1213 572 1267 dicto
589 1213 745 1267 citius
763 1220 940 1267 curata
965 1214 1139 1284 sopori
1684 1223 1736 1264 so

121 1288 369 1343 membra
390 1286 549 1352 dedit,
574 1295 790 1361 vegetus
809 1290 1126 1360 praescripta
1144 1288 1211 1343 ad
1228 1289 1414 1344 munia
1432 1288 1622 1359 surgit.

119 1365 225 1418 Hic
241 1371 419 1416 tamen
441 1363 508 1416 ad
526 1361 719 1416 melius
736 1364 923 1434 poterit
941 1370 1295 1418 transcurrere
1313 1363 1604 1434 quondam,

118 1440 243 1494 sive
262 1438 407 1491 diem
433 1437 625 1492 festum
645 1438 853 1492 rediens
872 1437 1142 1492 advexerit
1160 1454 1351 1500 annus,

119 1531 221 1569 seu
242 1530 475 1567 recreare
495 1512 632 1568 volet
652 1521 921 1568 tenuatum
940 1529 1149 1584 corpuS,
1182 1511 1382 1581 ubique

117 1588 374 1646 accedent
391 1590 537 1653 anni,
560 1598 610 1644 et
629 1591 832 1644 tractari
851 1588 1068 1643 mollius
1088 1594 1224 1642 aetas
1685 1600 1734 1639 85

117 1663 395 1719 imbecilla
415 1664 578 1731 volet3
627 1665 724 1717 tibi
744 1664 1003 1736 quidnam
1023 1662 1232 1719 accedet
1247 1661 1314 1715 ad
1333 1661 1505 1725 istam,

117 1758 294 1814 quam
312 1756 445 1810 puer
463 1746 515 1793 et
534 1738 743 1795 validus
766 1742 1077 1810 praesumis,
1109 1737 1382 1800 molitiem,
1408 1756 1502 1792 scu

117 1817 262 1870 dura
284 1814 530 1868 valetudo
548 1814 807 1879 inciderit,
831 1832 925 1868 seu
947 1814 1093 1869 tarda
1112 1822 1349 1868 senectus
1361 1812 1388 1865 ⁶?

112 1889 428 1946 Rancidum
450 1907 639 1961 aprum
659 1890 865 1961 antiqui
885 1889 1187 1954 laudabant,
1220 1907 1322 1944 non
1343 1889 1470 1961 quia
1499 1908 1659 1942 nasus

112 1966 235 2021 illis
266 1964 452 2019 nullus
480 1974 613 2032 erat;
665 1965 777 2029 sed,
818 1966 988 2034 credo,
1021 1966 1119 2021 hac
1144 1973 1334 2031 mente,
1368 1966 1511 2038 quod
1532 1967 1625 2019 ho-

1117 2060 1144 2095 s
1212 2061 1239 2096 s
1684 2051 1732 2089 90

108 2115 334 2173 tardius
355 2113 641 2169 adveniens
662 2115 904 2170 vitiatum
921 2059 1267 2180 commodius,
1290 2132 1449 2184 quam

110 2195 400 2264 integrum
427 2189 562 2245 edax
591 2189 842 2245 dominus
870 2200 1217 2247 consumeret.
1297 2190 1401 2243 Hos
1422 2189 1625 2243 utinam

1119 2267 1252 2319 inter

109 2346 314 2399 heroas
337 2348 522 2393 natum
544 2339 696 2394 tellus
718 2358 804 2395 me
822 2341 990 2411 prima
1017 2339 1249 2395 tulisset!

110 2421 225 2475 Das
247 2414 457 2486 aliquid
477 2410 664 2480 famae,
688 2434 824 2488 quae
843 2417 1076 2471 carmine
1093 2414 1286 2488 gratior
1311 2430 1491 2469 aurem

108 2499 348 2562 occupat
365 2490 696 2545 humanam?
771 2491 1008 2546 Grandes
1033 2490 1244 2546 rhombi
1264 2489 1575 2561 patinaeque
1684 2499 1735 2542 95

108 2565 332 2644 grande
355 2564 534 2621 ferunt
551 2584 659 2621 una
676 2584 799 2620 cum
818 2566 1014 2621 damno
1032 2566 1277 2621 dedecus.
1357 2564 1505 2620 Adde

109 2648 325 2700 iratum
346 2648 616 2711 patruum,
642 2643 861 2705 vicinOS,
892 2651 940 2697 te
958 2642 1056 2696 tibi
1077 2642 1346 2713 iniquum,

108 2730 165 2777 et
186 2718 395 2774 frustra
414 2718 599 2773 mortis
619 2717 894 2789 cupidum,
918 2735 1091 2790 quum
1110 2718 1272 2774 deerit
1295 2718 1467 2792 egenti
