2081 3169
488 194 589 249 220
993 195 1473 244 SATYRARUM

488 318 605 355 non.
626 298 784 354 Docte
806 296 940 363 Cati,
963 314 1058 370 per
1075 298 1362 353 amicitiam
1381 296 1641 370 divosque
1658 304 1892 371 rogams,

488 374 678 429 ducere
696 390 783 428 me
800 371 1063 438 auditum,
1087 389 1273 447 perges
1293 389 1650 445 quocumque,
1673 382 1951 428 memento.

380 461 433 504 90
492 451 647 516 Nam,
679 449 929 521 quamvis
948 449 1170 504 memori
1190 447 1380 503 referas
1399 448 1535 502 mihi
1553 455 1759 520 pectore
1778 457 1974 513 cuneta,

491 543 598 580 non
617 533 791 579 tamen
811 524 1067 596 interpres
1084 522 1414 578 tantumdem
1432 523 1650 578 iuveris,
1691 523 1844 579 Adde

490 600 701 656 vultum
726 599 1079 670 habitumque
1097 599 1360 668 hominis;
1402 615 1565 672 quem
1579 606 1650 653 ,tu
1670 598 1874 654 vidisse
1897 601 1981 655 be-

1481 680 1600 729 atus

491 769 597 807 non
619 748 1026 823 magnipendis,
1051 749 1179 822 quia
1198 749 1443 822 contigit3
1486 756 1540 804 at
1557 748 1693 803 mihi
1717 766 1847 806 cura

490 846 597 883 non
617 825 895 881 medioeris
915 825 1069 890 inest,
1094 823 1261 880 fontes
1286 831 1346 879 ut
1363 824 1509 879 adire
1525 832 1752 880 remotos

381 913 432 956 95
491 911 648 975 atque
666 900 880 957 haurire
900 916 1094 972 queam
1115 900 1254 956 vitae
1271 907 1541 972 praecepta
1559 899 1758 955 beatae.

893 1117 1395 1175 SATYRA
1484 1117 1566 1172 V.

557 1355 624 1392 Do
641 1353 910 1392 hereditatum
928 1351 1199 1403 “putoribus
1217 1350 1349 1401 -gitnr
1364 1350 1409 1391 in
1427 1350 1583 1401 dialogo
1600 1348 1805 1391 Tiresiam
1828 1353 1931 1391 inter
1946 1359 1978 1389 et

488 1418 670 1463 Ulixem,
697 1416 766 1468 qni
794 1418 922 1456 redux
948 1424 989 1455 et
1016 1430 1170 1468 pauper
1196 1429 1248 1454 ex
1283 1415 1357 1455 illo
1383 1416 1555 1466 quaerit,
1581 1428 1660 1466 qut
1684 1416 1843 1455 ratione
1876 1417 1978 1454 dives

488 1481 576 1519 fieri
594 1480 734 1532 possit.

563 1570 779 1636 Unum.
800 1581 1167 1653 Eoo-quoque,
1191 1579 1406 1646 Tiresia,
1439 1584 1641 1651 praeter
1666 1590 1878 1636 narrata
1897 1598 1982 1653 pe—

1477 1654 1605 1708 tenti

488 1732 761 1803 responde,
784 1731 988 1804 quibus
1006 1730 1229 1785 amissas
1249 1747 1486 1800 reparare
1502 1746 1697 1800 queam
1718 1748 1806 1785 rae
1901 1742 1909 1749 ·

488 1807 690 1861 artibus
718 1814 876 1878 atque
903 1805 1095 1861 modis.
1174 1804 1316 1871 Quid
1345 1803 1520 1931 ridesl‘?
1556 1824 1654 1859 nn.
1690 1806 1877 1862 Iamne
1895 1807 1979 1861 do-
2043 1808 2044 1817 ’

1491 1896 1584 1933 oso

485 1973 590 2010 non
617 1955 743 2009 satis
762 1962 842 2010 est
857 1955 1089 2010 Ithacam
1114 1954 1293 2009 revehi
1316 1954 1618 2025 patriosque
1635 1964 1856 2025 penates

377 2043 399 2083 5
484 2028 787 2101 adspicere?
810 2049 942 2086 um.
964 2029 1010 2085 Ο
1029 2028 1166 2084 nulli
1185 2028 1481 2101 quidquam
1500 2029 1737 2096 mentite,
1753 2031 1907 2086 vidae
1927 2037 1976 2084 ut

485 2106 662 2159 nudus
682 2106 943 2177 inopsque
957 2105 1177 2160 domum
1199 2103 1426 2169 redeam,
1449 2111 1650 2173 tevate;
1681 2122 1862 2177 neque
1880 2104 1977 2160 illic

484 2188 575 2235 aut
593 2181 839 2252 apotheca
862 2180 1035 2252 procis
1056 2180 1246 2235 intacta
1264 2187 1346 2234 est
1369 2190 1459 2234 aut
1476 2196 1664 2251 pecus:
1708 2182 1865 2254 atqui

483 2263 532 2309 et
549 2273 720 2329 genus
739 2264 790 2309 et
806 2256 995 2321 virtus,
1021 2255 1127 2310 nisi
1146 2272 1270 2311 cum
1289 2273 1362 2320 re,
1393 2254 1545 2311 vilior
1563 2253 1684 2327 alga
1703 2264 1806 2310 est.

483 2350 586 2385 rm.
611 2330 834 2397 Quando
853 2331 1178 2402 pauperiem,
1203 2331 1383 2385 missis
1401 2329 1741 2402 ambagibuS,
1777 2331 1968 2391 horres,
2039 2352 2040 2359 ¹

376 2416 424 2457 10
483 2407 676 2476 accipe,
701 2423 807 2478 qua
833 2406 1031 2460 ratione
1051 2423 1215 2477 queas
1239 2405 1507 2460 ditescere.
1586 2405 1807 2461 Turdus

481 2480 595 2534 sive
614 2480 759 2534 aliud
776 2481 993 2552 privum
1012 2481 1228 2536 dabitur
1244 2481 1357 2545 tibi,
1382 2478 1587 2535 devolet
1604 2478 1755 2544 illue,

482 2570 566 2606 res
587 2554 680 2608 ubi
700 2572 893 2629 magna
912 2556 1058 2620 nitet,
1081 2555 1296 2610 domino
1314 2572 1463 2609 sene:
1506 2554 1683 2609 dulcia
1709 2572 1873 2626 poma

482 2633 533 2679 et
550 2643 917 2699 quoscumque
936 2628 1063 2683 feret
1075 2629 1247 2685 cultus
1267 2631 1364 2684 tibi
1383 2629 1584 2685 fundus
1605 2629 1855 2697 honoreS,

314 2694 603 2823 &ante
620 2701 805 2753 Larem
824 2710 999 2773 gustet
1019 2704 1366 2760 venerabilior
1384 2705 1517 2760 Lare
1532 2703 1685 2761 dives
1700 2724 1713 2777 3

552 3000 579 3043 Ι
