2081 3169
317 618 370 662 15

315 1066 368 1110 20

315 1515 367 1559 25

314 1893 366 1935 30

313 2340 364 2384 35

309 2709 363 2756 40

429 203 527 257 498
931 202 1412 252 sATYRARUM

422 305 658 380 praemia
697 303 920 362 laturus.
998 324 1115 360 non.
1163 305 1460 377 cupidum,
1510 313 1655 377 pater
1700 310 1919 382 optime,
1955 269 1968 278 ·

1412 381 1551 436 vires

424 456 701 512 deficiunt:
745 472 916 528 neque
939 456 1083 509 enim
1102 456 1283 528 quivis
1302 455 1564 512 horrentia
1589 458 1714 529 pilis

425 532 657 605 agmina,
681 548 776 586 nec
791 530 950 585 fracta
966 537 1244 602 pereuntes
1264 532 1481 604 cuspide
1500 532 1677 588 Gallos

425 614 516 662 aut
535 606 758 661 labentis
775 623 914 678 equo
933 605 1194 660 describat
1214 605 1303 662 vul
1311 624 1433 661 nera
1457 607 1653 664 Parthi.

378 743 384 749 ,
426 701 565 737 man.
588 681 830 736 Attamen
851 687 901 735 et
922 681 1123 735 iustum
1141 688 1344 752 poteras
1365 690 1417 735 et
1442 683 1666 737 scribere
1684 682 1891 751 fortem,

425 756 723 829 Scipiadam
762 763 822 811 ut
858 756 1070 828 sapiens
1106 755 1365 811 Lucilius·
1443 776 1559 812 nou.
1599 758 1752 813 Haud
1778 761 1920 816 mihi

1417 832 1587 897 deer0,

426 923 597 979 quum
616 923 698 960 res
715 904 831 977 ipsa
850 902 994 959 seret.
1074 906 1191 959 N1si
1211 905 1395 961 dextro
1413 914 1661 978 tempore,
1684 909 1861 965 Flacci

430 981 585 1036 verba
602 998 695 1052 per
711 987 956 1035 attentam
976 996 1082 1035 non
1106 980 1259 1035 ibunt
1278 981 1512 1036 Caesaris
1530 1000 1740 1052 aurem;

424 1056 510 1110 cui
538 1055 675 1110 male
694 1056 740 1109 si
763 1055 986 1126 palpare,
1013 1055 1298 1110 recalcitrat
1315 1056 1555 1142 undique
1574 1065 1737 1112 tutus,

423 1149 565 1186 rnen
588 1131 795 1196 Quanto
813 1130 1004 1184 rectius
1024 1128 1141 1195 hoc,
1165 1148 1331 1203 quam
1357 1131 1491 1185 tristi
1510 1131 1709 1186 laedere
1727 1151 1889 1190 versu

426 1207 764 1260 Pantolabum
779 1222 1022 1260 scurram
1042 1206 1518 1276 Nomentanumque
1537 1216 1781 1293 nepotem,

423 1297 593 1353 quum
621 1279 724 1333 sibi
756 1280 986 1352 quisque
1018 1287 1183 1346 timet,
1214 1298 1541 1353 quamquam
1570 1290 1648 1336 est
1666 1282 1913 1350 intactus,

1287 1393 1292 1398 ·
1408 1364 1459 1410 et
1474 1355 1602 1409 odit.

422 1448 538 1485 non.
560 1428 702 1495 Quid
720 1427 944 1482 faciam?
984 1428 1148 1483 Saltat
1167 1427 1449 1494 Milonius,
1467 1439 1524 1484 ut
1543 1431 1703 1485 semel
1725 1434 1827 1488 icto

421 1505 634 1571 accessit
653 1503 825 1558 fervor
844 1503 1001 1574 capiti
1030 1521 1395 1577 numerusque
1423 1505 1678 1576 lucernis3

424 1580 603 1636 Castor
621 1579 815 1653 gaudet
833 1578 1014 1651 equis3
1045 1597 1145 1634 ovo
1164 1590 1451 1654 prognatus
1470 1582 1651 1637 eodem

421 1657 646 1728 pugnis:
691 1663 820 1727 quot
838 1655 1070 1725 capitum
1091 1656 1298 1720 vivunt,
1321 1656 1535 1712 totidem
1552 1659 1859 1715 studiorum

423 1731 611 1785 millia.
688 1731 771 1783 Mc
790 1729 1015 1801 pedibus
1034 1729 1252 1786 delectat
1270 1732 1510 1787 claudere
1531 1735 1685 1789 verba

421 1806 593 1860 Lucili
614 1806 736 1869 ritu,
766 1813 1005 1860 nostrum
1024 1805 1259 1860 melioris
1276 1814 1519 1880 utroque.

424 1881 517 1935 Ille
539 1879 682 1935 velut
702 1848 822 1934 fi'dis
842 1897 1029 1936 arcana
1050 1880 1320 1938 sodalibus
1338 1883 1467 1938 olim

422 1956 660 2010 credebat
680 1955 848 2021 libris,
872 1973 1063 2028 neque,
1089 1957 1135 2011 si
1157 1958 1294 2012 male
1313 1967 1549 2023 cesserat,
1576 1977 1842 2031 umquam

420 2032 700 2086 decurrens
719 2030 837 2096 alic,
865 2049 1036 2103 neque
1056 2033 1103 2086 si
1123 2033 1283 2088 bene:
1325 2051 1433 2105 quo
1455 2034 1529 2098 fit,
1562 2042 1621 2088 ut
1638 2037 1814 2089 omnis

422 2107 596 2160 votiva
615 2113 787 2190 pateat
808 2105 969 2167 veluti
996 2107 1255 2180 descripta
1275 2108 1462 2163 tabella

423 2183 528 2237 vita
570 2181 730 2236 senis.
798 2181 1013 2254 ¹Sequor
1050 2184 1221 2249 hunc,
1274 2186 1518 2239 Lucanus
1566 2201 1633 2237 an
1679 2184 1918 2256 ApuluS‚

1410 2275 1625 2329 anceps:
1649 2290 1725 2299 —
1979 2320 1994 2335 ,

422 2349 548 2386 nam
567 2333 871 2388 Venusinus
891 2343 1002 2387 arat
1023 2332 1184 2387 finem
1206 2333 1308 2388 sub
1327 2341 1633 2405 utrumque,
1659 2334 1885 2389 colonus
1963 2326 1972 2339 ⁸

419 2407 617 2461 missus
637 2407 703 2461 ad
724 2408 838 2472 hoc,
863 2407 1034 2478 pulsis
1057 2407 1074 2480 (
1093 2415 1243 2462 vetus
1263 2415 1342 2462 est
1360 2417 1420 2463 ut
1438 2408 1592 2480 fama)
1614 2409 1862 2474 Sabellis,

419 2499 528 2567 quo
547 2499 612 2540 ne
630 2501 722 2552 per
741 2500 972 2537 vacuum
991 2485 1227 2538 Romano
1246 2484 1531 2538 incurreret
1556 2485 1739 2549 hostiS‚

421 2556 533 2610 sive
553 2557 697 2626 quod
716 2556 886 2627 Apula
907 2575 1038 2630 gens
1060 2575 1152 2612 seu
1173 2558 1317 2629 quod
1338 2559 1568 2613 Lucania
1589 2558 1789 2612 bellum

419 2631 670 2682 incuteret
691 2631 932 2685 violenta.
983 2633 1115 2686 Sed
1140 2633 1230 2687 hic
1253 2633 1426 2707 stylus
1450 2634 1596 2688 haud
1615 2643 1751 2706 petet
1777 2634 1927 2689 ultro

419 2720 745 2777 quemquam
764 2706 1115 2773 animantem,
1140 2716 1191 2763 et
1210 2726 1296 2764 me
1312 2708 1476 2766 veluti
1496 2710 1754 2765 custodiet
1770 2713 1928 2767 ensis

224 2766 527 3057 Ὗ
