2081 3169
599 201 741 256 LIB.
782 203 826 249 1.
884 203 1131 251 EPIST.
1171 204 1289 252 ΧΠ.
1547 195 1650 253 25¹7

150 305 210 363 Si
228 304 378 368 forte,
401 303 456 357 in
478 303 653 360 medio
668 303 960 375 positorum
981 305 1287 368 abstemius,
1317 304 1495 361 herbis

148 380 297 437 vivis
315 385 366 433 et
386 379 572 443 urtica,
596 378 675 432 sic
694 378 842 433 vives
860 378 1122 449 protinuS,
1153 386 1213 432 ut
1231 386 1281 433 te

150 453 428 510 confestim
450 452 690 525 liquidus
709 453 972 508 Fortunae
992 452 1142 506 rivus
1163 452 1394 509 inauret:

150 529 239 586 vel
260 529 386 600 quia
406 535 649 583 naturam
668 534 872 582 mutare
889 528 1112 599 pecunia
1134 528 1315 593 nescit,
1705 540 1757 582 10

149 603 239 661 vel
265 603 394 675 quia
410 610 594 658 cuncta
612 610 768 674 putas
786 620 894 657 una
915 602 1107 657 virtute
1128 602 1350 657 minora.

150 681 429 743 Miramur,
461 678 507 731 si
527 677 805 733 Democriti
824 694 986 749 pecus
1005 677 1113 731 edit
1133 677 1329 752 agellos

151 754 418 825 cultaque,
432 752 564 807 dum
572 769 788 825 peregre
803 759 881 806 est
899 752 1111 807 animus
1121 753 1237 806 sine
1245 769 1456 824 corpore
1464 750 1617 814 velox
1633 772 1645 806 ε

151 845 328 901 quum
347 835 406 883 tu
424 827 560 881 inter
580 827 809 881 scabiem
836 835 1033 881 tantam
1059 834 1109 881 et
1127 827 1362 901 contagia
1384 826 1534 893 lucri,

151 903 230 959 nil
249 919 480 975 parvum
500 902 674 973 sapias
693 909 743 964 et
761 901 936 956 adhuc
954 901 1206 956 sublimia
1226 918 1403 962 cures:
1707 911 1759 953 15

152 996 293 1050 quae
309 994 454 1032 mare
467 984 798 1047 compescant
806 993 1011 1041 causae,
1026 976 1160 1048 quid
1171 984 1417 1068 temperet
1427 994 1646 1042 annum„¹

152 1051 336 1107 stellae
353 1058 539 1123 sponte
558 1068 654 1105 sua
677 1052 922 1106 iussaene
940 1058 1199 1124 vagentur
1218 1059 1268 1106 et
1286 1060 1474 1117 errent,

152 1127 290 1199 quid
309 1132 511 1197 premat
529 1125 815 1180 obscurum
835 1124 1008 1190 lunae,
1032 1126 1167 1198 quid
1184 1125 1409 1198 proferat
1427 1127 1627 1191 orbem,

151 1200 290 1273 quid
311 1200 437 1255 velit
460 1206 510 1254 et
527 1200 693 1272 possit
712 1217 889 1255 rerum
910 1201 1183 1256 concordia
1202 1201 1421 1267 discorS,

150 1274 516 1347 EmpedocleS,
541 1292 608 1329 an
628 1272 935 1330 Stertinium
955 1274 1139 1329 deliret
1157 1274 1416 1331 acumen?
1709 1283 1762 1324 2⁰

154 1352 359 1408 Verum
380 1367 473 1404 seu
492 1350 664 1420 pisces
684 1366 779 1404 seu
799 1366 1018 1421 porrum
1039 1356 1089 1408 et
1109 1366 1264 1421 caepe
1293 1348 1549 1416 trucidas3

149 1433 303 1480 utere
322 1423 568 1496 Pompeio
589 1422 849 1495 Grospho,
873 1431 939 1488 et,
963 1423 1165 1494 siquid
1183 1429 1336 1494 petet,
1366 1422 1505 1477 ultro

151 1498 327 1554 defer:
371 1498 445 1553 nil
469 1497 745 1569 Grosphus
789 1498 893 1552 nisi
912 1514 1101 1553 verum
1143 1496 1313 1553 orabit
1331 1503 1381 1550 et
1399 1512 1651 1567 aequum.

150 1574 293 1632 Vilis
319 1574 610 1628 amicorum
630 1580 708 1627 est
727 1590 954 1637 annona,
978 1571 1135 1626 bonis
1159 1570 1254 1627 ubi
1273 1570 1406 1643 quid
1426 1569 1588 1625 deest.

152 1653 235 1705 Ne
262 1659 433 1703 tamen
461 1649 688 1720 ignoreS‚
714 1664 822 1719 quo
842 1649 910 1700 sit
929 1648 1164 1701 Romana
1184 1646 1295 1700 loco
1316 1663 1424 1699 res:
1713 1653 1765 1696 25

153 1724 419 1780 Cantaber
438 1722 719 1794 Agrippae,
744 1721 933 1776 Claudi
955 1721 1147 1775 virtute
1167 1720 1389 1774 Neronis

152 1799 444 1853 Armenius
463 1796 669 1862 cecidit3
713 1796 799 1850 ius
820 1795 1210 1867 imperiumque
1228 1794 1474 1849 Phraates

153 1872 396 1927 Caesaris
418 1870 611 1941 accepit
628 1871 857 1942 genibus
876 1871 1077 1937 minor,
1120 1887 1276 1925 aurea
1303 1867 1482 1943 fruges

154 1945 337 2002 Italiae
354 1944 509 2016 pleno
529 1942 770 2013 defundit
787 1944 947 2016 Copia
966 1961 1150 2000 cornu.

392 2140 1046 2209 EPISTQLA
1188 2144 1433 2200 XIII.

444 2260 547 2309 An
596 2259 915 2317 VINJUM
953 2260 1372 2325 Αεβιιᾼῳ.

151 2473 349 2508 locanter
374 2471 524 2521 monet,
549 2466 744 2514 quomodo
762 2466 864 2504 velit
889 2466 936 2503 ab
955 2465 1028 2504 illo
1048 2463 1268 2509 carminum
1294 2475 1455 2502 suorum
1471 2463 1659 2523 voiumen

749 2530 933 2578 Augusto
950 2528 1073 2567 tradi.

239 2602 326 2666 Ut
343 2609 758 2682 proficiscentem
778 2611 932 2678 docui
953 2619 1001 2673 te
1020 2626 1174 2685 saepe
1194 2609 1419 2682 diuque,

153 2690 410 2761 Augusto
429 2684 614 2741 reddes
634 2687 839 2760 signata
862 2686 1151 2755 volumina,
1176 2684 1319 2752 Vini',

239 2795 496 2833 nom-nus·
1397 2775 1444 2832 R
1669 2772 1816 2859 df*
