2081 3169
459 205 556 256 436
991 207 1382 251 EPODON

457 325 667 361 omnem
691 307 887 379 redegit
908 307 1089 360 Idibus
1111 289 1403 377 pecuinam,
1429 337 1507 349 -

346 391 400 434 70
531 382 735 454 quaerit
758 383 1000 437 Calendis
1018 399 1231 453 ponere.

826 658 877 710 E
917 659 967 710 P
1007 658 1055 711 0
1093 659 1151 710 l)
1192 657 1239 710 Ο
1276 656 1318 710 S
1410 658 1555 713 111.

640 773 729 815 AD
779 774 827 815 e.
875 773 1181 815 camum
1227 773 1746 837 MAECENATVEM.

454 978 685 1013 Detestatur
705 976 861 1019 allium,
882 977 987 1024 quod
1003 976 1110 1012 furto
1127 977 1232 1023 apud
1251 980 1519 1018 Maecenatem
1540 978 1770 1028 imprudens
1795 981 1930 1018 ederat.

1080 1042 1203 1076 Metr.
1222 1040 1323 1077 XII.

527 1132 769 1192 Parentis
789 1137 914 1192 olim
936 1139 980 1190 si
1002 1139 1125 1208 quis
1152 1139 1312 1209 impia
1334 1156 1493 1193 manu

602 1212 765 1265 senile
784 1221 966 1283 guttur
986 1212 1212 1285 fregerit,

527 1288 632 1341 edit
652 1288 835 1340 cicutis
857 1287 1040 1340 allium
1072 1288 1362 1340 nocentius,

600 1362 645 1415 O
666 1362 795 1414 dura
818 1380 1109 1415 messorum
1136 1363 1247 1414 ilia!

344 1448 367 1489 5
526 1437 666 1502 Quid
689 1438 785 1490 hoc
807 1437 991 1489 veneni
1013 1439 1177 1489 saevit
1199 1438 1250 1489 in
1275 1436 1622 1507 praecordiis?

481 1552 504 1590 ὃ
600 1514 740 1564 Num
767 1512 1035 1581 viperinus
1059 1513 1142 1565 his
1163 1530 1316 1564 cruor

524 1588 756 1640 incoctus
777 1588 953 1640 herbis
977 1606 1059 1640 me
1080 1587 1295 1640 fefellit?
1332 1607 1396 1641 an
1421 1587 1584 1641 malas

600 1663 816 1716 Canidia
840 1664 1075 1716 tractavit
1096 1662 1294 1731 dapes?
1393 1672 1396 1676 ’

482 1791 487 1796 ,
525 1738 590 1790 Ut
609 1737 936 1808 Argonautas
956 1747 1156 1808 praeter
1175 1755 1356 1790 omnes
1376 1737 1661 1791 candidum
1728 1786 1736 1794 .

342 1821 392 1863 10
600 1812 777 1865 Medea
798 1813 981 1865 mirata
1003 1821 1081 1865 est
1099 1813 1305 1875 ducem,

524 1887 697 1958 ignota
719 1888 882 1940 tauris
907 1887 1269 1958 illigaturum
1255 1905 1377 1959 iuga
1404 1894 1414 1904 “

595 1962 844 2031 perunxit
866 1963 962 2014 hoc
983 1927 1253 2014 lasciiem:

521 2035 619 2088 hoc
639 2036 890 2090 delibutis
909 2037 1014 2090 ulta
1038 2037 1191 2089 donis
1210 2016 1467 2107 pellicem,

596 2120 832 2180 serpente
854 2111 987 2182 fugit
1006 2112 1146 2164 alite.

337 2194 388 2237 15
518 2187 625 2240 Nec
646 2194 819 2239 tantus
840 2204 1097 2257 umquam
1121 2187 1351 2239 siderum
1378 2186 1566 2239 insedit
1594 2204 1750 2256 vapor

594 2261 888 2314 siticulosae
915 2261 1162 2331 Apuliae;

519 2352 615 2389 nec
638 2354 833 2389 munus
855 2336 1090 2388 humeris
1110 2336 1335 2391 efficacis
1354 2336 1589 2389 Herculis

595 2411 777 2463 inarsit
797 2412 1109 2464 aestuosius.

517 2483 600 2546 At,
627 2486 672 2537 si
694 2486 828 2555 quid
846 2503 1103 2556 umquam
1126 2484 1225 2538 tale
1245 2486 1626 2556 concupiveris,

333 2567 385 2610 20
590 2559 758 2612 iocose
782 2561 1067 2623 MaecenaS‚
1093 2577 1289 2631 precor,

517 2650 736 2684 manum
760 2634 930 2701 puella
954 2636 1099 2688 savio
1118 2643 1345 2705 opponat
1362 2643 1470 2699 tac,

1914 2237 1937 2254 ᾳ

591 2714 821 2759 extrema
841 2709 963 2761 etin
984 2710 1186 2780 sponda
1208 2711 1382 2765 cubet.
