<?xml version="1.0" encoding="UTF-8"?>
<!DOCTYPE html PUBLIC "-//W3C//DTD XHTML 1.0 Transitional//EN"
    "http://www.w3.org/TR/xhtml1/DTD/xhtml1-transitional.dtd">
<html xmlns="http://www.w3.org/1999/xhtml" xml:lang="en" lang="en">
 <head>
  <title>
</title>
<meta http-equiv="Content-Type" content="text/html;charset=utf-8" />
  <meta name='ocr-system' content='tesseract 3.04.00' />
  <meta name='ocr-capabilities' content='ocr_page ocr_carea ocr_par ocr_line ocrx_word'/>
</head>
<body>
  <div class='ocr_page' id='page_1' title='image "./qhoratiiflaccio02weisgoog_0217.png"; bbox 0 0 2081 3169; ppageno 0'>
   <div class='ocr_carea' id='block_1_1' title="bbox 647 227 1693 288">
    <p class='ocr_par' dir='ltr' id='par_1_1' title="bbox 647 227 1693 288">
     <span class='ocr_line' id='line_1_1' title="bbox 647 227 1693 288; baseline 0.009 -12"><span class='ocrx_word' id='word_1_1' title='bbox 647 231 789 277; x_wconf 77' lang='lat' dir='ltr'>mn.</span> <span class='ocrx_word' id='word_1_2' title='bbox 830 227 897 278; x_wconf 85' lang='grc' dir='ltr'>Π.</span> <span class='ocrx_word' id='word_1_3' title='bbox 963 234 1128 283; x_wconf 80' lang='lat' dir='ltr'>sAT.</span> <span class='ocrx_word' id='word_1_4' title='bbox 1166 237 1258 283; x_wconf 85' lang='lat'>111.</span> <span class='ocrx_word' id='word_1_5' title='bbox 1595 230 1693 288; x_wconf 74' lang='lat'>207</span> 
     </span>
    </p>
   </div>
   <div class='ocr_carea' id='block_1_2' title="bbox 170 330 1695 2800">
    <p class='ocr_par' dir='ltr' id='par_1_2' title="bbox 192 330 1695 551">
     <span class='ocr_line' id='line_1_2' title="bbox 194 330 1656 413; baseline 0.009 -32"><span class='ocrx_word' id='word_1_6' title='bbox 194 344 447 384; x_wconf 82' lang='lat' dir='ltr'>»caecum</span> <span class='ocrx_word' id='word_1_7' title='bbox 473 330 599 403; x_wconf 74' lang='lat' dir='ltr'>agit,</span> <span class='ocrx_word' id='word_1_8' title='bbox 624 332 874 386; x_wconf 85' lang='lat' dir='ltr'>insanum</span> <span class='ocrx_word' id='word_1_9' title='bbox 896 333 1182 408; x_wconf 81' lang='lat' dir='ltr'>Chrysippi</span> <span class='ocrx_word' id='word_1_10' title='bbox 1201 337 1431 407; x_wconf 88' lang='lat' dir='ltr'>porticus</span> <span class='ocrx_word' id='word_1_11' title='bbox 1455 344 1505 392; x_wconf 88' lang='lat' dir='ltr'>et</span> <span class='ocrx_word' id='word_1_12' title='bbox 1523 354 1656 413; x_wconf 84' lang='lat' dir='ltr'>grex</span> 
     </span>
     <span class='ocr_line' id='line_1_3' title="bbox 192 407 1695 485; baseline 0.008 -28"><span class='ocrx_word' id='word_1_13' title='bbox 192 413 491 459; x_wconf 59' lang='lat' dir='ltr'>»autumat</span> <span class='ocrx_word' id='word_1_14' title='bbox 571 407 708 461; x_wconf 75' lang='lat' dir='ltr'>Haeo</span> <span class='ocrx_word' id='word_1_15' title='bbox 743 408 967 480; x_wconf 85' lang='lat' dir='ltr'>populos</span> <span class='ocrx_word' id='word_1_16' title='bbox 981 452 994 474; x_wconf 88' lang='lat'>,</span> <span class='ocrx_word' id='word_1_17' title='bbox 1047 409 1176 465; x_wconf 84' lang='lat' dir='ltr'>haec</span> <span class='ocrx_word' id='word_1_18' title='bbox 1212 429 1433 485; x_wconf 82' lang='lat' dir='ltr'>magnos</span> <span class='ocrx_word' id='word_1_19' title='bbox 1469 414 1695 469; x_wconf 84' lang='lat' dir='ltr'>formula</span> 
     </span>
     <span class='ocr_line' id='line_1_4' title="bbox 1278 501 1357 551; baseline 0 -11"><span class='ocrx_word' id='word_1_20' title='bbox 1278 501 1357 551; x_wconf 68' lang='lat' dir='ltr'>esi,</span> 
     </span>
    </p>

    <p class='ocr_par' dir='ltr' id='par_1_3' title="bbox 194 500 1539 634">
     <span class='ocr_line' id='line_1_5' title="bbox 194 500 1539 634; baseline 0.007 -27"><span class='ocrx_word' id='word_1_21' title='bbox 194 562 446 626; x_wconf 81' lang='lat' dir='ltr'>»excepto</span> <span class='ocrx_word' id='word_1_22' title='bbox 467 557 716 627; x_wconf 81' lang='lat' dir='ltr'>sapiente,</span> <span class='ocrx_word' id='word_1_23' title='bbox 739 564 897 612; x_wconf 87' lang='lat' dir='ltr'>tenet.</span> <span class='ocrx_word' id='word_1_24' title='bbox 976 560 1135 614; x_wconf 86' lang='lat' dir='ltr'>Nunc</span> <span class='ocrx_word' id='word_1_25' title='bbox 1160 500 1350 631; x_wconf 46' lang='lat' dir='ltr'>affipe,</span> <span class='ocrx_word' id='word_1_26' title='bbox 1376 579 1539 634; x_wconf 84' lang='lat' dir='ltr'>quare</span> 
     </span>
    </p>

    <p class='ocr_par' dir='ltr' id='par_1_4' title="bbox 192 629 1509 706">
     <span class='ocr_line' id='line_1_6' title="bbox 192 629 1509 706; baseline 0.008 -25"><span class='ocrx_word' id='word_1_27' title='bbox 192 629 493 701; x_wconf 76' lang='lat' dir='ltr'>»desipiant</span> <span class='ocrx_word' id='word_1_28' title='bbox 509 647 693 685; x_wconf 88' lang='lat' dir='ltr'>omnes</span> <span class='ocrx_word' id='word_1_29' title='bbox 711 647 878 703; x_wconf 82' lang='lat' dir='ltr'>aeque</span> <span class='ocrx_word' id='word_1_30' title='bbox 897 647 957 687; x_wconf 78' lang='lat' dir='ltr'>ac</span> <span class='ocrx_word' id='word_1_31' title='bbox 972 640 1051 699; x_wconf 83' lang='lat' dir='ltr'>tu,</span> <span class='ocrx_word' id='word_1_32' title='bbox 1075 636 1170 706; x_wconf 89' lang='lat' dir='ltr'>qui</span> <span class='ocrx_word' id='word_1_33' title='bbox 1190 636 1286 689; x_wconf 87' lang='lat' dir='ltr'>tibi</span> <span class='ocrx_word' id='word_1_34' title='bbox 1318 649 1509 692; x_wconf 86' lang='lat' dir='ltr'>nomen</span> 
     </span>
    </p>

    <p class='ocr_par' dir='ltr' id='par_1_5' title="bbox 191 705 1435 783">
     <span class='ocr_line' id='line_1_7' title="bbox 191 705 1435 783; baseline 0.007 -27"><span class='ocrx_word' id='word_1_35' title='bbox 191 705 418 758; x_wconf 84' lang='lat' dir='ltr'>»insano</span> <span class='ocrx_word' id='word_1_36' title='bbox 435 721 674 775; x_wconf 81' lang='lat' dir='ltr'>posuere.</span> <span class='ocrx_word' id='word_1_37' title='bbox 754 706 908 762; x_wconf 90' lang='lat' dir='ltr'>Velut</span> <span class='ocrx_word' id='word_1_38' title='bbox 926 709 1096 774; x_wconf 73' lang='lat' dir='ltr'>silvie,</span> <span class='ocrx_word' id='word_1_39' title='bbox 1122 711 1216 764; x_wconf 85' lang='lat' dir='ltr'>ubi</span> <span class='ocrx_word' id='word_1_40' title='bbox 1233 712 1435 783; x_wconf 60' lang='lat' dir='ltr'>‘passim</span> 
     </span>
    </p>

    <p class='ocr_par' dir='ltr' id='par_1_6' title="bbox 191 778 1277 857">
     <span class='ocr_line' id='line_1_8' title="bbox 191 778 1277 857; baseline 0.008 -27"><span class='ocrx_word' id='word_1_41' title='bbox 191 778 466 850; x_wconf 78' lang='lat' dir='ltr'>»palantes</span> <span class='ocrx_word' id='word_1_42' title='bbox 487 795 629 836; x_wconf 86' lang='lat' dir='ltr'>error</span> <span class='ocrx_word' id='word_1_43' title='bbox 648 788 785 836; x_wconf 78' lang='lat' dir='ltr'>certo</span> <span class='ocrx_word' id='word_1_44' title='bbox 804 782 870 836; x_wconf 90' lang='lat' dir='ltr'>de</span> <span class='ocrx_word' id='word_1_45' title='bbox 887 785 1094 838; x_wconf 75' lang='lat' dir='ltr'>tramite</span> <span class='ocrx_word' id='word_1_46' title='bbox 1110 785 1277 857; x_wconf 89' lang='lat' dir='ltr'>pellit,</span> 
     </span>
    </p>

    <p class='ocr_par' dir='ltr' id='par_1_7' title="bbox 188 853 1694 926">
     <span class='ocr_line' id='line_1_9' title="bbox 188 853 1694 926; baseline 0.007 -20"><span class='ocrx_word' id='word_1_47' title='bbox 188 853 320 907; x_wconf 78' lang='lat' dir='ltr'>»ille</span> <span class='ocrx_word' id='word_1_48' title='bbox 348 855 730 922; x_wconf 83' lang='lat' dir='ltr'>sinistrorsum,</span> <span class='ocrx_word' id='word_1_49' title='bbox 763 857 853 911; x_wconf 86' lang='lat' dir='ltr'>hio</span> <span class='ocrx_word' id='word_1_50' title='bbox 880 858 1214 915; x_wconf 64' lang='lat' dir='ltr'>dextrorsum</span> <span class='ocrx_word' id='word_1_51' title='bbox 1247 861 1375 926; x_wconf 76' lang='lat' dir='ltr'>abit,</span> <span class='ocrx_word' id='word_1_52' title='bbox 1397 877 1540 916; x_wconf 84' lang='lat' dir='ltr'>unus</span> <span class='ocrx_word' id='word_1_53' title='bbox 1561 864 1694 917; x_wconf 91' lang='lat' dir='ltr'>utri-</span> 
     </span>
    </p>

    <p class='ocr_par' dir='ltr' id='par_1_8' title="bbox 1224 951 1292 990">
     <span class='ocr_line' id='line_1_10' title="bbox 1224 951 1292 990; baseline -0.015 0"><span class='ocrx_word' id='word_1_54' title='bbox 1224 951 1292 990; x_wconf 90' lang='lat' dir='ltr'>ue</span> 
     </span>
    </p>

    <p class='ocr_par' dir='ltr' id='par_1_9' title="bbox 189 953 1381 1079">
     <span class='ocr_line' id='line_1_11' title="bbox 189 953 1381 1079; baseline 0.008 -24"><span class='ocrx_word' id='word_1_55' title='bbox 189 1024 214 1055; x_wconf 81' lang='lat'>›&gt;</span> <span class='ocrx_word' id='word_1_56' title='bbox 226 1021 391 1068; x_wconf 90' lang='lat' dir='ltr'>error,</span> <span class='ocrx_word' id='word_1_57' title='bbox 415 1004 507 1058; x_wconf 85' lang='lat' dir='ltr'>sed</span> <span class='ocrx_word' id='word_1_58' title='bbox 529 1006 689 1060; x_wconf 80' lang='lat' dir='ltr'>variis</span> <span class='ocrx_word' id='word_1_59' title='bbox 706 1005 885 1061; x_wconf 83' lang='lat' dir='ltr'>illudit</span> <span class='ocrx_word' id='word_1_60' title='bbox 900 1009 1143 1079; x_wconf 81' lang='lat' dir='ltr'>partibus</span> <span class='ocrx_word' id='word_1_61' title='bbox 1158 1029 1169 1079; x_wconf 85' lang='lat'><em>3</em></span> <span class='ocrx_word' id='word_1_62' title='bbox 1185 953 1314 1064; x_wconf 81' lang='lat' dir='ltr'>qhoc</span> <span class='ocrx_word' id='word_1_63' title='bbox 1329 1017 1381 1064; x_wconf 92' lang='lat' dir='ltr'>te</span> 
     </span>
    </p>

    <p class='ocr_par' dir='ltr' id='par_1_10' title="bbox 185 1079 1548 1157">
     <span class='ocr_line' id='line_1_12' title="bbox 185 1079 1548 1157; baseline 0.007 -27"><span class='ocrx_word' id='word_1_64' title='bbox 185 1098 213 1130; x_wconf 81' lang='lat'>»</span> <span class='ocrx_word' id='word_1_65' title='bbox 225 1079 380 1132; x_wconf 83' lang='lat' dir='ltr'>crede</span> <span class='ocrx_word' id='word_1_66' title='bbox 399 1079 555 1133; x_wconf 88' lang='lat' dir='ltr'>modo</span> <span class='ocrx_word' id='word_1_67' title='bbox 575 1080 842 1147; x_wconf 86' lang='lat' dir='ltr'>insanum,</span> <span class='ocrx_word' id='word_1_68' title='bbox 874 1082 1045 1137; x_wconf 87' lang='lat' dir='ltr'>nihilo</span> <span class='ocrx_word' id='word_1_69' title='bbox 1057 1090 1123 1138; x_wconf 83' lang='lat' dir='ltr'>nt</span> <span class='ocrx_word' id='word_1_70' title='bbox 1140 1085 1423 1157; x_wconf 75' lang='lat' dir='ltr'>sapientior</span> <span class='ocrx_word' id='word_1_71' title='bbox 1443 1084 1548 1150; x_wconf 88' lang='lat' dir='ltr'>ille,</span> 
     </span>
    </p>

    <p class='ocr_par' dir='ltr' id='par_1_11' title="bbox 187 1153 1648 1236">
     <span class='ocr_line' id='line_1_13' title="bbox 187 1153 1648 1236; baseline 0.009 -32"><span class='ocrx_word' id='word_1_72' title='bbox 187 1154 325 1225; x_wconf 82' lang='lat' dir='ltr'>»qui</span> <span class='ocrx_word' id='word_1_73' title='bbox 351 1161 403 1207; x_wconf 89' lang='lat' dir='ltr'>te</span> <span class='ocrx_word' id='word_1_74' title='bbox 421 1153 636 1219; x_wconf 83' lang='lat' dir='ltr'>deridet,</span> <span class='ocrx_word' id='word_1_75' title='bbox 662 1155 884 1211; x_wconf 77' lang='lat' dir='ltr'>caudam</span> <span class='ocrx_word' id='word_1_76' title='bbox 904 1159 1096 1213; x_wconf 78' lang='lat' dir='ltr'>trahat.</span> <span class='ocrx_word' id='word_1_77' title='bbox 1173 1161 1456 1236; x_wconf 46' lang='lat' dir='ltr'>Estfgenus</span> <span class='ocrx_word' id='word_1_78' title='bbox 1476 1177 1648 1216; x_wconf 89' lang='lat' dir='ltr'>unum</span> 
     </span>
    </p>

    <p class='ocr_par' dir='ltr' id='par_1_12' title="bbox 188 1228 1571 1312">
     <span class='ocr_line' id='line_1_14' title="bbox 188 1228 1571 1312; baseline 0.007 -32"><span class='ocrx_word' id='word_1_79' title='bbox 188 1228 480 1283; x_wconf 81' lang='lat' dir='ltr'>»stultitiae</span> <span class='ocrx_word' id='word_1_80' title='bbox 497 1229 731 1284; x_wconf 87' lang='lat' dir='ltr'>nihilum</span> <span class='ocrx_word' id='word_1_81' title='bbox 751 1233 1029 1289; x_wconf 81' lang='lat' dir='ltr'>metuenda</span> <span class='ocrx_word' id='word_1_82' title='bbox 1048 1236 1302 1302; x_wconf 72' lang='lat' dir='ltr'>timentiS,</span> <span class='ocrx_word' id='word_1_83' title='bbox 1321 1243 1384 1291; x_wconf 64' lang='lat' dir='ltr'>‘ut</span> <span class='ocrx_word' id='word_1_84' title='bbox 1401 1238 1571 1312; x_wconf 82' lang='lat' dir='ltr'>ignes,</span> 
     </span>
    </p>

    <p class='ocr_par' dir='ltr' id='par_1_13' title="bbox 186 1302 1572 1382">
     <span class='ocr_line' id='line_1_15' title="bbox 186 1302 1572 1382; baseline 0.007 -29"><span class='ocrx_word' id='word_1_85' title='bbox 186 1324 213 1354; x_wconf 67' lang='lat'>&gt;³</span> <span class='ocrx_word' id='word_1_86' title='bbox 224 1311 286 1357; x_wconf 89' lang='lat' dir='ltr'>ut</span> <span class='ocrx_word' id='word_1_87' title='bbox 306 1319 464 1374; x_wconf 89' lang='lat' dir='ltr'>rupes</span> <span class='ocrx_word' id='word_1_88' title='bbox 481 1302 779 1378; x_wconf 85' lang='lat' dir='ltr'>fluviosque</span> <span class='ocrx_word' id='word_1_89' title='bbox 797 1308 853 1362; x_wconf 90' lang='lat' dir='ltr'>in</span> <span class='ocrx_word' id='word_1_90' title='bbox 872 1323 1058 1380; x_wconf 73' lang='lat' dir='ltr'>eampo</span> <span class='ocrx_word' id='word_1_91' title='bbox 1074 1311 1279 1365; x_wconf 75' lang='lat' dir='ltr'>obstare</span> <span class='ocrx_word' id='word_1_92' title='bbox 1297 1320 1572 1382; x_wconf 79' lang='lat' dir='ltr'>queratur3</span> 
     </span>
    </p>

    <p class='ocr_par' dir='ltr' id='par_1_14' title="bbox 185 1377 1631 1456">
     <span class='ocr_line' id='line_1_16' title="bbox 185 1377 1631 1456; baseline 0.006 -26"><span class='ocrx_word' id='word_1_93' title='bbox 185 1377 449 1433; x_wconf 80' lang='lat' dir='ltr'>»alterum</span> <span class='ocrx_word' id='word_1_94' title='bbox 471 1387 521 1433; x_wconf 85' lang='lat' dir='ltr'>et</span> <span class='ocrx_word' id='word_1_95' title='bbox 538 1379 667 1434; x_wconf 88' lang='lat' dir='ltr'>huio</span> <span class='ocrx_word' id='word_1_96' title='bbox 684 1395 872 1438; x_wconf 77' lang='lat' dir='ltr'>varum</span> <span class='ocrx_word' id='word_1_97' title='bbox 893 1392 942 1438; x_wconf 80' lang='lat' dir='ltr'>et</span> <span class='ocrx_word' id='word_1_98' title='bbox 961 1385 1130 1439; x_wconf 86' lang='lat' dir='ltr'>nihilo</span> <span class='ocrx_word' id='word_1_99' title='bbox 1149 1386 1456 1455; x_wconf 81' lang='lat' dir='ltr'>sapientius,</span> <span class='ocrx_word' id='word_1_100' title='bbox 1479 1385 1631 1456; x_wconf 80' lang='lat' dir='ltr'>ignes</span> 
     </span>
    </p>

    <p class='ocr_par' dir='ltr' id='par_1_15' title="bbox 184 1453 1543 1529">
     <span class='ocr_line' id='line_1_17' title="bbox 184 1453 1543 1529; baseline 0.005 -24"><span class='ocrx_word' id='word_1_101' title='bbox 184 1471 322 1525; x_wconf 77' lang='lat' dir='ltr'>»per</span> <span class='ocrx_word' id='word_1_102' title='bbox 339 1453 541 1508; x_wconf 87' lang='lat' dir='ltr'>medios</span> <span class='ocrx_word' id='word_1_103' title='bbox 560 1454 856 1529; x_wconf 85' lang='lat' dir='ltr'>fluviosque</span> <span class='ocrx_word' id='word_1_104' title='bbox 876 1460 1107 1513; x_wconf 85' lang='lat' dir='ltr'>mentis:</span> <span class='ocrx_word' id='word_1_105' title='bbox 1148 1459 1337 1512; x_wconf 76' lang='lat' dir='ltr'>clamet</span> <span class='ocrx_word' id='word_1_106' title='bbox 1356 1459 1543 1524; x_wconf 78' lang='lat' dir='ltr'>amica,</span> 
     </span>
    </p>

    <p class='ocr_par' dir='ltr' id='par_1_16' title="bbox 181 1529 1662 1606">
     <span class='ocr_line' id='line_1_18' title="bbox 181 1529 1662 1606; baseline 0.005 -26"><span class='ocrx_word' id='word_1_107' title='bbox 181 1549 211 1580; x_wconf 83' lang='lat'>»</span> <span class='ocrx_word' id='word_1_108' title='bbox 223 1537 409 1595; x_wconf 86' lang='lat' dir='ltr'>mater,</span> <span class='ocrx_word' id='word_1_109' title='bbox 437 1529 655 1586; x_wconf 81' lang='lat' dir='ltr'>honesta</span> <span class='ocrx_word' id='word_1_110' title='bbox 672 1543 824 1588; x_wconf 75' lang='lat' dir='ltr'>‘soror</span> <span class='ocrx_word' id='word_1_111' title='bbox 841 1549 964 1589; x_wconf 87' lang='lat' dir='ltr'>cum</span> <span class='ocrx_word' id='word_1_112' title='bbox 984 1534 1238 1606; x_wconf 78' lang='lat' dir='ltr'>cognatis,</span> <span class='ocrx_word' id='word_1_113' title='bbox 1261 1540 1424 1604; x_wconf 79' lang='lat' dir='ltr'>pater,</span> <span class='ocrx_word' id='word_1_114' title='bbox 1447 1549 1609 1589; x_wconf 88' lang='lat' dir='ltr'>uxor:</span> <span class='ocrx_word' id='word_1_115' title='bbox 1659 1551 1662 1554; x_wconf 43' lang='lat'>¹</span> 
     </span>
    </p>

    <p class='ocr_par' dir='ltr' id='par_1_17' title="bbox 182 1604 1689 1680">
     <span class='ocr_line' id='line_1_19' title="bbox 182 1604 1689 1680; baseline 0.003 -23"><span class='ocrx_word' id='word_1_116' title='bbox 182 1624 238 1657; x_wconf 70' lang='lat' dir='ltr'>n»</span> <span class='ocrx_word' id='word_1_117' title='bbox 250 1605 350 1659; x_wconf 90' lang='lat' dir='ltr'>Hio</span> <span class='ocrx_word' id='word_1_118' title='bbox 366 1604 507 1660; x_wconf 83' lang='lat' dir='ltr'>fossa</span> <span class='ocrx_word' id='word_1_119' title='bbox 525 1612 604 1660; x_wconf 84' lang='lat' dir='ltr'>est</span> <span class='ocrx_word' id='word_1_120' title='bbox 622 1607 830 1680; x_wconf 72' lang='lat' dir='ltr'>ingene,</span> <span class='ocrx_word' id='word_1_121' title='bbox 854 1609 945 1662; x_wconf 85' lang='lat' dir='ltr'>hio</span> <span class='ocrx_word' id='word_1_122' title='bbox 963 1620 1121 1679; x_wconf 86' lang='lat' dir='ltr'>rupes</span> <span class='ocrx_word' id='word_1_123' title='bbox 1140 1610 1403 1676; x_wconf 81' lang='lat' dir='ltr'>maxima3</span> <span class='ocrx_word' id='word_1_124' title='bbox 1445 1626 1593 1665; x_wconf 82' lang='lat' dir='ltr'>serva</span> <span class='ocrx_word' id='word_1_125' title='bbox 1612 1611 1689 1662; x_wconf 87' lang='lat'>!««</span> 
     </span>
    </p>

    <p class='ocr_par' dir='ltr' id='par_1_18' title="bbox 182 1680 1558 1754">
     <span class='ocr_line' id='line_1_20' title="bbox 182 1680 1558 1754; baseline 0.004 -22"><span class='ocrx_word' id='word_1_126' title='bbox 182 1698 331 1735; x_wconf 81' lang='lat' dir='ltr'>»non</span> <span class='ocrx_word' id='word_1_127' title='bbox 359 1680 532 1753; x_wconf 82' lang='lat' dir='ltr'>magis</span> <span class='ocrx_word' id='word_1_128' title='bbox 551 1682 793 1747; x_wconf 75' lang='lat' dir='ltr'>audierit,</span> <span class='ocrx_word' id='word_1_129' title='bbox 818 1701 983 1754; x_wconf 82' lang='lat' dir='ltr'>quam</span> <span class='ocrx_word' id='word_1_130' title='bbox 1002 1684 1191 1737; x_wconf 84' lang='lat' dir='ltr'>Fufius</span> <span class='ocrx_word' id='word_1_131' title='bbox 1211 1683 1391 1736; x_wconf 89' lang='lat' dir='ltr'>ebrius</span> <span class='ocrx_word' id='word_1_132' title='bbox 1411 1682 1558 1748; x_wconf 91' lang='lat' dir='ltr'>olim,</span> 
     </span>
    </p>

    <p class='ocr_par' dir='ltr' id='par_1_19' title="bbox 181 1756 1616 1827">
     <span class='ocr_line' id='line_1_21' title="bbox 181 1756 1616 1827; baseline 0.003 -20"><span class='ocrx_word' id='word_1_133' title='bbox 181 1775 210 1807; x_wconf 84' lang='grc'>»</span> <span class='ocrx_word' id='word_1_134' title='bbox 223 1772 400 1827; x_wconf 85' lang='lat' dir='ltr'>quum</span> <span class='ocrx_word' id='word_1_135' title='bbox 419 1756 640 1810; x_wconf 84' lang='lat' dir='ltr'>Ilionam</span> <span class='ocrx_word' id='word_1_136' title='bbox 661 1756 901 1822; x_wconf 74' lang='lat' dir='ltr'>edomuit,</span> <span class='ocrx_word' id='word_1_137' title='bbox 927 1759 1157 1812; x_wconf 73' lang='lat' dir='ltr'>Catienis</span> <span class='ocrx_word' id='word_1_138' title='bbox 1173 1756 1324 1811; x_wconf 89' lang='lat' dir='ltr'>mille</span> <span class='ocrx_word' id='word_1_139' title='bbox 1342 1757 1579 1813; x_wconf 83' lang='lat' dir='ltr'>ducentis</span> <span class='ocrx_word' id='word_1_140' title='bbox 1595 1780 1616 1812; x_wconf 70' lang='grc' dir='ltr'>εΔ</span> 
     </span>
    </p>

    <p class='ocr_par' dir='ltr' id='par_1_20' title="bbox 184 1828 1687 1982">
     <span class='ocr_line' id='line_1_22' title="bbox 184 1828 1687 1908; baseline 0.005 -27"><span class='ocrx_word' id='word_1_141' title='bbox 184 1832 424 1894; x_wconf 54' lang='lat' dir='ltr'>»Mamm</span> <span class='ocrx_word' id='word_1_142' title='bbox 456 1840 504 1884; x_wconf 85' lang='lat' dir='ltr'>te</span> <span class='ocrx_word' id='word_1_143' title='bbox 527 1834 795 1900; x_wconf 79' lang='lat' dir='ltr'>appellol«</span> <span class='ocrx_word' id='word_1_144' title='bbox 840 1828 1211 1888; x_wconf 77' lang='lat' dir='ltr'>clamantibus,</span> <span class='ocrx_word' id='word_1_145' title='bbox 1287 1834 1427 1888; x_wconf 68' lang='lat' dir='ltr'>‘Huic</span> <span class='ocrx_word' id='word_1_146' title='bbox 1451 1851 1548 1908; x_wconf 83' lang='lat' dir='ltr'>ego</span> <span class='ocrx_word' id='word_1_147' title='bbox 1566 1834 1687 1892; x_wconf 83' lang='lat' dir='ltr'>vul-</span> 
     </span>
     <span class='ocr_line' id='line_1_23' title="bbox 1179 1922 1281 1982; baseline 0 -19"><span class='ocrx_word' id='word_1_148' title='bbox 1179 1922 1281 1982; x_wconf 83' lang='lat' dir='ltr'>gus</span> 
     </span>
    </p>

    <p class='ocr_par' dir='ltr' id='par_1_21' title="bbox 180 1980 1401 2040">
     <span class='ocr_line' id='line_1_24' title="bbox 180 1980 1401 2040; baseline 0.007 -8"><span class='ocrx_word' id='word_1_149' title='bbox 180 1980 386 2034; x_wconf 81' lang='lat' dir='ltr'>»errori</span> <span class='ocrx_word' id='word_1_150' title='bbox 409 1980 639 2034; x_wconf 84' lang='lat' dir='ltr'>similem</span> <span class='ocrx_word' id='word_1_151' title='bbox 658 1988 907 2037; x_wconf 78' lang='lat' dir='ltr'>cunctum</span> <span class='ocrx_word' id='word_1_152' title='bbox 930 1983 1163 2039; x_wconf 74' lang='lat' dir='ltr'>insanire</span> <span class='ocrx_word' id='word_1_153' title='bbox 1188 1985 1401 2040; x_wconf 74' lang='lat' dir='ltr'>docebo.</span> 
     </span>
    </p>

    <p class='ocr_par' dir='ltr' id='par_1_22' title="bbox 178 2055 1493 2131">
     <span class='ocr_line' id='line_1_25' title="bbox 178 2055 1493 2131; baseline 0.003 -23"><span class='ocrx_word' id='word_1_154' title='bbox 178 2055 418 2109; x_wconf 79' lang='lat' dir='ltr'>»Insanit</span> <span class='ocrx_word' id='word_1_155' title='bbox 438 2060 632 2110; x_wconf 83' lang='lat' dir='ltr'>veteres</span> <span class='ocrx_word' id='word_1_156' title='bbox 653 2063 852 2111; x_wconf 74' lang='lat' dir='ltr'>statuas</span> <span class='ocrx_word' id='word_1_157' title='bbox 870 2059 1222 2131; x_wconf 75' lang='lat' dir='ltr'>Damasippus</span> <span class='ocrx_word' id='word_1_158' title='bbox 1246 2061 1493 2115; x_wconf 84' lang='lat' dir='ltr'>emendo:</span> 
     </span>
    </p>

    <p class='ocr_par' dir='ltr' id='par_1_23' title="bbox 175 2130 1530 2205">
     <span class='ocr_line' id='line_1_26' title="bbox 175 2130 1530 2205; baseline 0.003 -22"><span class='ocrx_word' id='word_1_159' title='bbox 175 2132 425 2202; x_wconf 78' lang='lat' dir='ltr'>»integer</span> <span class='ocrx_word' id='word_1_160' title='bbox 443 2138 521 2184; x_wconf 85' lang='lat' dir='ltr'>est</span> <span class='ocrx_word' id='word_1_161' title='bbox 544 2133 738 2185; x_wconf 78' lang='lat' dir='ltr'>mentis</span> <span class='ocrx_word' id='word_1_162' title='bbox 757 2130 1060 2205; x_wconf 78' lang='lat' dir='ltr'>Damasippi</span> <span class='ocrx_word' id='word_1_163' title='bbox 1086 2134 1342 2188; x_wconf 68' lang='lat' dir='ltr'>creditor?</span> <span class='ocrx_word' id='word_1_164' title='bbox 1378 2136 1530 2187; x_wconf 83' lang='lat' dir='ltr'>Esto:</span> 
     </span>
    </p>

    <p class='ocr_par' dir='ltr' id='par_1_24' title="bbox 174 2205 1686 2280">
     <span class='ocr_line' id='line_1_27' title="bbox 174 2205 1686 2280; baseline 0.002 -24"><span class='ocrx_word' id='word_1_165' title='bbox 174 2226 235 2256; x_wconf 75' lang='lat' dir='ltr'>m)</span> <span class='ocrx_word' id='word_1_166' title='bbox 245 2205 457 2276; x_wconf 76' lang='lat' dir='ltr'>Accipe,</span> <span class='ocrx_word' id='word_1_167' title='bbox 481 2206 628 2277; x_wconf 85' lang='lat' dir='ltr'>quod</span> <span class='ocrx_word' id='word_1_168' title='bbox 647 2220 927 2280; x_wconf 74' lang='lat' dir='ltr'>nunquam</span> <span class='ocrx_word' id='word_1_169' title='bbox 942 2208 1144 2263; x_wconf 60' lang='lat' dir='ltr'>reddas</span> <span class='ocrx_word' id='word_1_170' title='bbox 1172 2209 1326 2272; x_wconf 79' lang='lat' dir='ltr'>mihi,</span> <span class='ocrx_word' id='word_1_171' title='bbox 1340 2226 1392 2260; x_wconf 65' lang='lat' dir='ltr'>u«</span> <span class='ocrx_word' id='word_1_172' title='bbox 1412 2208 1458 2261; x_wconf 84' lang='lat' dir='ltr'>si</span> <span class='ocrx_word' id='word_1_173' title='bbox 1479 2206 1576 2260; x_wconf 79' lang='lat' dir='ltr'>tibi</span> <span class='ocrx_word' id='word_1_174' title='bbox 1601 2205 1686 2259; x_wconf 82' lang='lat' dir='ltr'>di-</span> 
     </span>
    </p>

    <p class='ocr_par' dir='ltr' id='par_1_25' title="bbox 336 2294 1312 2346">
     <span class='ocr_line' id='line_1_28' title="bbox 336 2294 1312 2346; baseline 0.005 -15"><span class='ocrx_word' id='word_1_175' title='bbox 336 2315 345 2325; x_wconf 89' lang='lat'><strong>·</strong></span> <span class='ocrx_word' id='word_1_176' title='bbox 1177 2294 1312 2346; x_wconf 68' lang='lat' dir='ltr'>cam,</span> 
     </span>
    </p>

    <p class='ocr_par' dir='ltr' id='par_1_26' title="bbox 174 2354 1649 2429">
     <span class='ocr_line' id='line_1_29' title="bbox 174 2354 1649 2429; baseline 0.001 -22"><span class='ocrx_word' id='word_1_177' title='bbox 174 2363 348 2408; x_wconf 81' lang='lat' dir='ltr'>»tune</span> <span class='ocrx_word' id='word_1_178' title='bbox 369 2354 592 2409; x_wconf 71' lang='lat' dir='ltr'>insanus</span> <span class='ocrx_word' id='word_1_179' title='bbox 611 2357 734 2422; x_wconf 83' lang='lat' dir='ltr'>eriS,</span> <span class='ocrx_word' id='word_1_180' title='bbox 760 2358 806 2411; x_wconf 91' lang='lat' dir='ltr'>si</span> <span class='ocrx_word' id='word_1_181' title='bbox 827 2355 1121 2429; x_wconf 72' lang='lat' dir='ltr'>acceperis?</span> <span class='ocrx_word' id='word_1_182' title='bbox 1159 2374 1223 2410; x_wconf 81' lang='lat' dir='ltr'>an</span> <span class='ocrx_word' id='word_1_183' title='bbox 1252 2355 1424 2428; x_wconf 81' lang='lat' dir='ltr'>magis</span> <span class='ocrx_word' id='word_1_184' title='bbox 1442 2371 1649 2421; x_wconf 72' lang='lat' dir='ltr'>excom,</span> 
     </span>
    </p>

    <p class='ocr_par' dir='ltr' id='par_1_27' title="bbox 174 2428 1555 2504">
     <span class='ocr_line' id='line_1_30' title="bbox 174 2428 1555 2504; baseline 0.001 -22"><span class='ocrx_word' id='word_1_185' title='bbox 174 2430 406 2483; x_wconf 79' lang='lat' dir='ltr'>»reiecta</span> <span class='ocrx_word' id='word_1_186' title='bbox 425 2429 636 2502; x_wconf 76' lang='lat' dir='ltr'>praeda,</span> <span class='ocrx_word' id='word_1_187' title='bbox 661 2444 824 2503; x_wconf 83' lang='lat' dir='ltr'>quam</span> <span class='ocrx_word' id='word_1_188' title='bbox 842 2444 1090 2504; x_wconf 76' lang='lat' dir='ltr'>praesens</span> <span class='ocrx_word' id='word_1_189' title='bbox 1109 2430 1402 2486; x_wconf 81' lang='lat' dir='ltr'>Mercurius</span> <span class='ocrx_word' id='word_1_190' title='bbox 1419 2428 1555 2484; x_wconf 72' lang='lat' dir='ltr'>fert?</span> 
     </span>
    </p>

    <p class='ocr_par' dir='ltr' id='par_1_28' title="bbox 173 2503 1695 2571">
     <span class='ocr_line' id='line_1_31' title="bbox 173 2503 1695 2571; baseline 0.005 -16"><span class='ocrx_word' id='word_1_191' title='bbox 173 2524 202 2555; x_wconf 92' lang='lat'>»</span> <span class='ocrx_word' id='word_1_192' title='bbox 212 2504 404 2558; x_wconf 81' lang='lat' dir='ltr'>Scribe</span> <span class='ocrx_word' id='word_1_193' title='bbox 424 2503 603 2558; x_wconf 82' lang='lat' dir='ltr'>decem</span> <span class='ocrx_word' id='word_1_194' title='bbox 623 2522 652 2559; x_wconf 81' lang='lat' dir='ltr'>a</span> <span class='ocrx_word' id='word_1_195' title='bbox 670 2507 829 2561; x_wconf 90' lang='lat' dir='ltr'>Nerio</span> <span class='ocrx_word' id='word_1_196' title='bbox 845 2538 921 2548; x_wconf 89' lang='lat'>—</span> <span class='ocrx_word' id='word_1_197' title='bbox 941 2522 1050 2560; x_wconf 89' lang='lat' dir='ltr'>non</span> <span class='ocrx_word' id='word_1_198' title='bbox 1069 2512 1147 2559; x_wconf 84' lang='lat' dir='ltr'>est</span> <span class='ocrx_word' id='word_1_199' title='bbox 1157 2506 1309 2571; x_wconf 70' lang='lat' dir='ltr'>satis,</span> <span class='ocrx_word' id='word_1_200' title='bbox 1333 2504 1467 2560; x_wconf 70' lang='lat' dir='ltr'>&#39;adde</span> <span class='ocrx_word' id='word_1_201' title='bbox 1485 2505 1695 2562; x_wconf 76' lang='lat' dir='ltr'>Cicutae</span> 
     </span>
    </p>

    <p class='ocr_par' dir='ltr' id='par_1_29' title="bbox 172 2578 1468 2647">
     <span class='ocr_line' id='line_1_32' title="bbox 172 2578 1468 2647; baseline 0.004 -16"><span class='ocrx_word' id='word_1_202' title='bbox 172 2578 407 2633; x_wconf 80' lang='lat' dir='ltr'>»nodosi</span> <span class='ocrx_word' id='word_1_203' title='bbox 427 2579 635 2647; x_wconf 78' lang='lat' dir='ltr'>tabulas</span> <span class='ocrx_word' id='word_1_204' title='bbox 655 2588 886 2647; x_wconf 85' lang='lat' dir='ltr'>centum,</span> <span class='ocrx_word' id='word_1_205' title='bbox 910 2580 1059 2635; x_wconf 87' lang='lat' dir='ltr'>mille</span> <span class='ocrx_word' id='word_1_206' title='bbox 1078 2580 1211 2635; x_wconf 77' lang='lat' dir='ltr'>adde</span> <span class='ocrx_word' id='word_1_207' title='bbox 1235 2588 1468 2636; x_wconf 79' lang='lat' dir='ltr'>catenas:</span> 
     </span>
    </p>

    <p class='ocr_par' dir='ltr' id='par_1_30' title="bbox 170 2653 1565 2726">
     <span class='ocr_line' id='line_1_33' title="bbox 170 2653 1565 2726; baseline 0.004 -21"><span class='ocrx_word' id='word_1_208' title='bbox 170 2675 199 2705; x_wconf 70' lang='lat' dir='ltr'>n</span> <span class='ocrx_word' id='word_1_209' title='bbox 211 2653 436 2726; x_wconf 79' lang='lat' dir='ltr'>effugiet</span> <span class='ocrx_word' id='word_1_210' title='bbox 455 2661 631 2709; x_wconf 84' lang='lat' dir='ltr'>tamen</span> <span class='ocrx_word' id='word_1_211' title='bbox 650 2655 780 2710; x_wconf 79' lang='lat' dir='ltr'>haee</span> <span class='ocrx_word' id='word_1_212' title='bbox 799 2656 1079 2718; x_wconf 82' lang='lat' dir='ltr'>sceleratus</span> <span class='ocrx_word' id='word_1_213' title='bbox 1095 2656 1310 2712; x_wconf 73' lang='lat' dir='ltr'>vincula</span> <span class='ocrx_word' id='word_1_214' title='bbox 1331 2659 1565 2714; x_wconf 77' lang='lat' dir='ltr'>Proteus,</span> 
     </span>
    </p>

    <p class='ocr_par' dir='ltr' id='par_1_31' title="bbox 171 2730 1457 2800">
     <span class='ocr_line' id='line_1_34' title="bbox 171 2730 1457 2800; baseline 0.006 -20"><span class='ocrx_word' id='word_1_215' title='bbox 171 2752 198 2780; x_wconf 71' lang='lat' dir='ltr'>n</span> <span class='ocrx_word' id='word_1_216' title='bbox 210 2730 403 2796; x_wconf 85' lang='lat' dir='ltr'>Quum</span> <span class='ocrx_word' id='word_1_217' title='bbox 426 2730 599 2800; x_wconf 76' lang='lat' dir='ltr'>rapies</span> <span class='ocrx_word' id='word_1_218' title='bbox 618 2731 677 2784; x_wconf 90' lang='lat' dir='ltr'>in</span> <span class='ocrx_word' id='word_1_219' title='bbox 698 2732 783 2786; x_wconf 90' lang='lat' dir='ltr'>ius</span> <span class='ocrx_word' id='word_1_220' title='bbox 803 2730 958 2785; x_wconf 81' lang='lat' dir='ltr'>malis</span> <span class='ocrx_word' id='word_1_221' title='bbox 978 2730 1235 2789; x_wconf 83' lang='lat' dir='ltr'>ridentem</span> <span class='ocrx_word' id='word_1_222' title='bbox 1252 2731 1457 2800; x_wconf 76' lang='lat' dir='ltr'>alienis,</span> 
     </span>
    </p>
   </div>
   <div class='ocr_carea' id='block_1_3' title="bbox 1749 496 1803 543">
    <p class='ocr_par' dir='ltr' id='par_1_32' title="bbox 1749 496 1803 543">
     <span class='ocr_line' id='line_1_35' title="bbox 1749 496 1803 543; baseline 0 0"><span class='ocrx_word' id='word_1_223' title='bbox 1749 496 1803 543; x_wconf 72' lang='lat'>45</span> 
     </span>
    </p>
   </div>
   <div class='ocr_carea' id='block_1_4' title="bbox 1750 948 1801 989">
    <p class='ocr_par' dir='ltr' id='par_1_33' title="bbox 1750 948 1801 989">
     <span class='ocr_line' id='line_1_36' title="bbox 1750 948 1801 989; baseline 0 0"><span class='ocrx_word' id='word_1_224' title='bbox 1750 948 1801 989; x_wconf 86' lang='lat'>50</span> 
     </span>
    </p>
   </div>
   <div class='ocr_carea' id='block_1_5' title="bbox 1744 1695 1796 1737">
    <p class='ocr_par' dir='ltr' id='par_1_34' title="bbox 1744 1695 1796 1737">
     <span class='ocr_line' id='line_1_37' title="bbox 1744 1695 1796 1737; baseline -0.019 0"><span class='ocrx_word' id='word_1_225' title='bbox 1744 1695 1796 1737; x_wconf 85' lang='lat'>60</span> 
     </span>
    </p>
   </div>
   <div class='ocr_carea' id='block_1_6' title="bbox 1738 2592 1791 2634">
    <p class='ocr_par' dir='ltr' id='par_1_35' title="bbox 1738 2592 1791 2634">
     <span class='ocr_line' id='line_1_38' title="bbox 1738 2592 1791 2634; baseline 0.019 -1"><span class='ocrx_word' id='word_1_226' title='bbox 1738 2592 1791 2634; x_wconf 85' lang='lat'>7⁰</span> 
     </span>
    </p>
   </div>
  </div>
 </body>
</html>
