2081 3169
438 198 532 251 lm
978 198 1372 244 EPODON

328 464 378 506 10

332 835 382 877 15

508 300 673 355 Movit
691 304 929 368 nepotem
949 296 1210 366 Telephus
1229 295 1494 367 Ner-cium,

509 376 565 429 in
586 392 745 445 quem
765 373 1024 443 superbus
1044 370 1308 425 ordinarat
1327 368 1539 440 agmina
1743 431 1746 434 Ι

510 451 801 522 Mysorum,
825 449 949 500 etin
969 464 1131 516 quem
1153 444 1249 497 tela
1269 452 1418 496 acuta
1439 449 1668 496 torserat.

509 525 716 578 Unxere
735 531 924 575 matroe
944 521 1067 574 Iliae
1083 519 1350 588 addjctum
1371 516 1493 570 feris

512 598 725 653 alitibus
744 605 903 667 atque
919 595 1141 649 canibus
1159 591 1476 646 homicidam
1498 592 1786 654 Hectorem,

512 682 791 743 postquam
813 669 1004 723 relictis
1023 668 1299 722 moenibus
1318 684 1412 719 rex
1429 664 1649 735 procidit

511 748 641 801 heul
684 745 967 817 pervicacis
987 744 1054 797 ad
1079 742 1234 813 pedae
1253 739 1492 794 Achillei.

511 822 685 875 Setosa
705 820 854 873 duris
871 835 1060 872 exuere
1080 816 1306 887 pellibus
1423 839 1426 840 ⁷

516 895 756 950 laboriosi
783 895 1006 965 remiges
1027 891 1214 955 Ulixei,

414 983 419 989 ’
515 970 717 1025 volente
738 969 903 1031 Circa,
927 967 1192 1020 membra:
1235 972 1361 1017 tunc
1380 980 1529 1016 mens
1549 967 1598 1014 et
1616 978 1782 1021 sonus

335 1206 385 1247 20

337 1577 388 1621 25

342 1948 392 1990 30

517 1043 770 1114 relapsus,
793 1050 947 1112 atque
967 1051 1121 1095 notus
1144 1040 1197 1093 in
1223 1037 1400 1092 vultus
1422 1039 1605 1091 honor.

515 1119 643 1172 Dedi
661 1118 785 1170 satis
806 1133 1069 1186 superque
1089 1120 1371 1184 poenarum
1390 1113 1503 1169 tibi,

518 1199 685 1246 amata
706 1192 879 1245 nautis
900 1190 1129 1243 multum
1150 1197 1198 1241 et
1219 1187 1559 1241 institoribus

478 1331 481 1334 Ι
517 1269 556 1320 F
564 1266 677 1338 ugit
698 1266 952 1329 iuventam,
976 1273 1026 1318 et
1047 1262 1371 1318 verecundus
1391 1260 1528 1314 color

518 1341 729 1411 reliquit
748 1358 864 1393 ossa
884 1339 1019 1409 pelle
1036 1339 1222 1396 amicta
1244 1335 1442 1402 lurida·;

521 1416 625 1470 tuis
645 1414 865 1485 capillus
886 1414 1038 1467 albus
1058 1421 1133 1466 est
1157 1411 1423 1485 odoribuS,
1731 1449 1765 1465 ..

520 1490 730 1544 nullum
750 1490 816 1542 ab
840 1487 1010 1541 labore
1031 1504 1116 1540 me
1136 1485 1349 1538 reclinat
1368 1484 1560 1536 otium:

497 1588 502 1594 ·
520 1574 670 1637 urget
690 1564 830 1623 diem
852 1580 958 1617 nox
976 1570 1026 1616 et
1046 1561 1156 1616 dies
1177 1566 1396 1623 noctem,
1422 1571 1590 1628 neque
1609 1561 1687 1613 est

522 1638 692 1694 levare
711 1646 847 1693 tenta
867 1638 1056 1708 spiritu
1077 1634 1392 1707 praecordia.

522 1716 662 1786 Ergo
683 1713 1130 1786 negatum‘vincor
1151 1717 1209 1763 ut
1226 1708 1431 1761 credam
1452 1705 1628 1768 miser,

522 1787 722 1843 Sabella
746 1795 924 1857 pectus
945 1787 1210 1855 increpare
1229 1782 1477 1846 carmina,

525 1872 783 1933 caputque
803 1863 970 1916 Marsa
991 1859 1220 1912 dissilire
1245 1857 1418 1910 nenia.
1481 1894 1490 1897 »

524 1937 663 2002 Quid
684 1936 911 2006 amplius
933 1933 1049 1988 vis‘?
1066 1947 1070 1950 ’
1086 1933 1131 1987 O
1153 1950 1309 1995 mare,
1333 1948 1364 1985 o
1384 1929 1539 1984 terra!
1582 1926 1755 1990 ardeo,

508 2018 785 2082 ‘quantum
806 2027 976 2080 neque
995 2000 1105 2062 atro
1128 2006 1393 2060 delibutus
1414 2001 1655 2056 Hercules

524 2086 675 2140 Nessi
695 2102 893 2146 cruore,
918 2100 1013 2137 nec
1033 2082 1217 2139 Sicana
1237 2079 1432 2133 fervida

522 2160 701 2214 furens
724 2160 778 2213 in
799 2160 958 2212 Aetna
981 2157 1209 2210 flamma.
1277 2155 1385 2218 -Tu,
1410 2153 1571 2218 donec
1588 2149 1723 2202 cinis

468 2240 471 2241 ’
525 2235 794 2288 iniuriosis
814 2233 993 2287 aridus
1016 2231 1185 2285 ventis
1205 2228 1355 2291 ferar,
1395 2282 1398 2285 Α

344 2321 393 2361 35

345 2681 397 2727 40

525 2309 660 2367 cales
683 2308 896 2361 venenis
921 2302 1423 2365 officinaColchiciS.

526 2382 669 2448 Quae
689 2382 810 2436 finis
830 2389 920 2435 aut
938 2380 1082 2452 quod
1103 2397 1187 2432 me
1207 2370 1763 2444 manet'stipendium?

522 2458 717 2510 Effare:
764 2457 933 2511 iussas
958 2473 1080 2509 cum
1104 2453 1204 2507 fide
1225 2469 1414 2522 poenas
1435 2448 1596 2512 luam,

523 2540 735 2600 paratus
754 2532 980 2599 expiare,
1006 2547 1099 2582 seu
1122 2525 1415 2597 poposceris
1497 2546 1508 2556 ·

525 2614 733 2656 centum
758 2605 1020 2666 iuvenem,
1047 2604 1159 2656 sive
1177 2599 1410 2654 mendaci
1435 2597 1548 2670 lyra

486 2740 489 2743 Α
529 2677 672 2732 voles
692 2679 892 2731 sonari:
938 2686 991 2731 tu
1011 2677 1220 2747 pudica,
1250 2685 1304 2730 tu
1324 2673 1486 2747 proba

342 2820 497 2923 ,Ἣ
