2081 3169
702 191 995 238 LIBER
1065 195 1110 239 Ι.
1587 192 1654 244 35

225 291 467 361 decantes
488 290 681 363 elegOS‚
707 309 801 345 cur
824 293 915 346 tibi
935 295 1111 348 iunior

374 363 513 419 laesa
531 368 816 437 praeniteat
837 368 959 422 fide.

1735 496 1758 535 <5¹

222 473 495 545 Insignem
522 476 667 528 tenui
689 474 855 529 fronte
877 478 1131 550 Lycorida

223 547 351 620 Cyri
373 556 529 602 torret
549 568 712 616 amor,
745 551 918 623 Cyrus
941 552 994 605 in
1017 552 1255 622 asperam

223 622 451 676 declinat
470 624 694 678 Pholoen
714 645 724 691 ;
769 625 862 678 sed
884 627 1032 696 prius
1056 628 1242 697 Apulis

375 699 664 770 iungentur
683 718 896 771 capreae
916 700 1075 772 lupis,

222 825 389 877 quam
409 806 550 877 turpi
573 807 763 862 Pholoe
780 817 955 878 peccet
979 810 1233 865 adultero.

220 881 309 935 Sic
329 881 511 935 visum
534 883 746 948 Veneri;
791 884 877 937 cui
897 884 1065 954 placet
1091 886 1315 957 impares
1707 905 1757 946 10

220 955 420 1011 formas
441 965 598 1027 atque
617 958 822 1011 animos
843 960 945 1012 sub
968 961 1092 1032 iuga
1112 964 1269 1016 aenea

372 1049 529 1085 saevo
549 1032 750 1086 mittere
777 1050 900 1087 cum
926 1035 1056 1090 ioco.

220 1139 405 1210 Ipsum
428 1157 530 1206 me,
558 1140 739 1195 melior
757 1160 927 1213 quum
950 1152 1140 1214 peteret
1163 1147 1357 1210 venue,

217 1222 366 1286 grata
386 1214 614 1269 detinuit
631 1217 879 1286 compede
898 1219 1119 1290 Myrtale

220 1288 484 1354 libertina,
507 1288 651 1344 fretis
676 1292 841 1344 acrior
861 1294 1105 1363 Hadriae
1703 1310 1753 1351 15

296 1380 299 1385 ·
370 1366 644 1419 curvantis
666 1365 912 1420 Calabros
932 1367 1103 1421 sinus,

537 1645 771 1701 ODE
883 1648 1253 1704 XXXIV.

440 1763 578 1804 An
691 1763 815 1805 SE
924 1765 1341 1811 IPSUM,

121 1968 326 2009 'rm-ritus
344 1968 517 2005 fulmine
537 1982 585 2005 ex
605 1983 743 2007 sereno
763 1971 915 2008 ablove
934 1972 1069 2016 misso,
1084 1974 1158 2010 iam
1178 1974 1256 2011 sibi
1274 1976 1323 2012 ad
1341 1976 1527 2014 maiorem
1539 1979 1630 2016 deo-

322 2044 411 2067 rum
432 2032 584 2068 cultum
603 2033 849 2070 redeundum
870 2047 952 2071 esse
968 2042 1150 2073 testatur.
1201 2042 1323 2077 Metr.
1345 2041 1458 2077 XVI.

205 2124 419 2186 Parcus
440 2130 659 2185 deorum
681 2132 847 2187 cultor
865 2142 915 2187 et
940 2135 1265 2207 infrequens»,

207 2206 524 2260 insanientis
545 2206 677 2260 dum
704 2209 987 2278 sapientiae

286 2280 560 2333 consultus
581 2298 713 2346 eri-0,
740 2301 884 2336 nunc
908 2292 1192 2339 retrorsum

362 2354 477 2409 vela
499 2355 622 2408 dare
640 2365 795 2428 atque
817 2359 999 2412 iterare
1025 2377 1213 2414 cursus

204 2480 368 2536 cogor
387 2463 621 2518 relictos:
665 2464 898 2536 namque
919 2467 1189 2538 Diespiter,
1722 2484 1744 2523 5

202 2539 323 2611 igni
345 2555 559 2600 corusco
578 2540 761 2594 nubila
782 2541 1026 2596 dividens

281 2612 616 2684 plerumque,
641 2632 733 2685 per
752 2634 950 2686 purum
971 2623 1207 2670 tonantes

357 2688 466 2760 egit
483 2706 649 2760 equos
672 2689 1047 2760 volucremque
1063 2707 1279 2743 currum
1295 2731 1307 2756 ‚

1315 2779 1413 2832 (32
1603 2793 1826 2968 f·
