2081 3169
677 232 977 278 LIBER
1051 235 1150 282 1v.

173 329 512 384 comissabere
529 330 769 395 Maximi,

244 405 286 456 si
309 412 498 458 torrere
519 404 661 460 iecur
680 405 891 476 quaeris
912 406 1180 463 idoneum.

172 479 404 549 Namque
423 487 473 532 et
492 479 685 532 nobilis
705 488 754 532 et
774 479 980 545 decem,

244 560 291 605 et
306 571 398 622 pro
417 553 653 607 sollicitis
672 571 779 608 non
800 555 988 609 tacitus
1012 557 1134 623 reis,

173 634 221 679 et
239 634 443 680 centum
463 645 594 698 puer
617 629 827 692 artium,

245 698 339 754 late
358 703 510 773 signa
531 701 657 755 feret
675 703 894 758 militiae
913 711 1057 759 tuae:

171 780 218 828 et
236 775 550 846 quandoque
566 778 821 846 potentior

244 847 400 920 largis
421 852 732 904 muneribus
758 852 933 905 riserit
949 852 1162 918 aemuli,

169 921 394 977 Albanos
412 940 573 994 prope
592 933 641 978 te
661 925 804 981 lacus

240 1006 393 1066 ponet
413 1016 757 1054 marmoream
778 1001 1046 1055 subtrahe
1066 1001 1280 1074 Cypria.

168 1069 279 1123 Illic
295 1070 525 1141 plurima
545 1074 762 1128 naribus

240 1143 397 1198 duooe
417 1147 589 1211 thura,
613 1147 862 1221 lyraeque
879 1156 931 1204 et
945 1150 1279 1224 Berecyntiae

168 1217 479 1274 delectabere
495 1222 654 1276 tibiae

243 1294 422 1347 mixtis
441 1296 784 1362 carminibus,
809 1314 915 1352 non
932 1298 1046 1352 sine
1067 1297 1268 1353 fistula:

167 1365 275 1419 illic
293 1368 376 1421 bis
395 1370 545 1438 pueri
565 1370 649 1423 die

239 1458 437 1496 numen
457 1460 579 1497 cum
600 1446 790 1498 teneris
809 1446 1110 1518 virginibus
1131 1454 1285 1500 tuum

166 1512 453 1581 laudantes,
478 1518 608 1589 pede
625 1518 847 1572 candido

239 1590 296 1642 in
317 1608 514 1645 morem
536 1592 738 1646 Salium
757 1601 833 1646 ter
852 1596 1088 1666 quatient
1106 1594 1355 1649 humum.

161 1663 246 1716 Me
266 1681 361 1717 nee
380 1664 589 1729 femina,
615 1683 709 1720 nec
727 1685 859 1737 puer

238 1737 363 1801 iam,
390 1756 485 1792 neo
502 1758 621 1811 spes
643 1742 808 1794 animi
827 1741 1037 1796 credula
1058 1743 1251 1807 mutui,

161 1828 259 1865 nec
279 1821 470 1867 oertare
490 1814 635 1868 iuvat
654 1832 814 1878 mere,
1149 1821 1153 1825 ’

237 1903 335 1939 nec
356 1888 552 1942 vincire
572 1890 724 1943 novis
743 1897 973 1959 tempora
995 1888 1232 1943 floribuS.

158 1958 263 2013 Sed
284 1977 397 2024 cur,
421 1961 553 2017 heu!
596 1963 866 2035 Ligurine,
891 1981 984 2017 our
1308 1963 1318 1972 '

235 2044 417 2089 manat
436 2054 550 2090 rara
570 2054 712 2090 meas
733 2036 964 2110 lacryma
981 2054 1075 2107 per
1094 2036 1292 2112 genas?

157 2124 255 2160 cur
272 2106 502 2163 facunda
518 2129 706 2181 parum
725 2111 907 2165 deooro

235 2182 373 2236 inter
396 2185 555 2237 verba
575 2185 712 2238 cadit
729 2185 911 2258 lingua
937 2184 1180 2239 silentio?

156 2256 443 2311 Nocturnis
462 2274 558 2331 ego
584 2259 804 2312 somniis
1066 2313 1073 2316 ,

235 2330 344 2383 iam
364 2338 574 2401 captum
595 2339 757 2394 teneo,
782 2334 888 2385 iam
911 2331 1174 2386 volucrem
1195 2347 1387 2401 sequor

157 2409 208 2455 te
226 2420 321 2472 per
340 2405 579 2475 gramina
599 2407 770 2458 Martii

235 2478 431 2548 campi,
455 2485 506 2531 te
521 2496 615 2549 per
635 2493 818 2551 aquae,
831 2478 989 2543 dure,
1013 2476 1313 2533 volubiles(

1560 234 1657 288 ⁴09

1708 645 1761 689 15

1705 1016 1759 1059 2⁰

1705 1383 1758 1427 25

1708 1752 1758 1793 30

1707 2118 1757 2160 35

1705 2478 1758 2524 40
