<?xml version="1.0" encoding="UTF-8"?>
<!DOCTYPE html PUBLIC "-//W3C//DTD XHTML 1.0 Transitional//EN"
    "http://www.w3.org/TR/xhtml1/DTD/xhtml1-transitional.dtd">
<html xmlns="http://www.w3.org/1999/xhtml" xml:lang="en" lang="en">
 <head>
  <title>
</title>
<meta http-equiv="Content-Type" content="text/html;charset=utf-8" />
  <meta name='ocr-system' content='tesseract 3.04.00' />
  <meta name='ocr-capabilities' content='ocr_page ocr_carea ocr_par ocr_line ocrx_word'/>
</head>
<body>
  <div class='ocr_page' id='page_1' title='image "./qhoratiiflaccio02weisgoog_0031.png"; bbox 0 0 2081 3169; ppageno 0'>
   <div class='ocr_carea' id='block_1_1' title="bbox 676 240 1619 313">
    <p class='ocr_par' dir='ltr' id='par_1_1' title="bbox 676 240 1619 313">
     <span class='ocr_line' id='line_1_1' title="bbox 676 240 1619 313; baseline 0.016 -30"><span class='ocrx_word' id='word_1_1' title='bbox 676 240 971 287; x_wconf 82' lang='lat' dir='ltr'>LIBER</span> <span class='ocrx_word' id='word_1_2' title='bbox 1044 242 1100 313; x_wconf 46' lang='grc' dir='ltr'>Ι,</span> <span class='ocrx_word' id='word_1_3' title='bbox 1561 247 1619 301; x_wconf 75' lang='grc'>24</span> 
     </span>
    </p>
   </div>
   <div class='ocr_carea' id='block_1_2' title="bbox 158 333 1190 474">
    <p class='ocr_par' dir='ltr' id='par_1_2' title="bbox 158 333 1190 474">
     <span class='ocr_line' id='line_1_2' title="bbox 158 333 1082 407; baseline 0.004 -20"><span class='ocrx_word' id='word_1_4' title='bbox 158 386 183 405; x_wconf 67' lang='lat'><strong>,</strong></span> <span class='ocrx_word' id='word_1_5' title='bbox 277 333 465 390; x_wconf 86' lang='lat' dir='ltr'>olentis</span> <span class='ocrx_word' id='word_1_6' title='bbox 485 355 678 393; x_wconf 88' lang='lat' dir='ltr'>uxores</span> <span class='ocrx_word' id='word_1_7' title='bbox 704 342 895 407; x_wconf 88' lang='lat' dir='ltr'>mariti,</span> <span class='ocrx_word' id='word_1_8' title='bbox 1079 388 1082 391; x_wconf 17' lang='grc' dir='ltr'><strong>Α</strong></span> 
     </span>
     <span class='ocr_line' id='line_1_3' title="bbox 354 414 1190 474; baseline 0.011 -9"><span class='ocrx_word' id='word_1_9' title='bbox 354 429 450 466; x_wconf 91' lang='lat' dir='ltr'>nec</span> <span class='ocrx_word' id='word_1_10' title='bbox 469 414 666 468; x_wconf 87' lang='lat' dir='ltr'>virides</span> <span class='ocrx_word' id='word_1_11' title='bbox 686 424 930 470; x_wconf 88' lang='lat' dir='ltr'>metuunt</span> <span class='ocrx_word' id='word_1_12' title='bbox 949 417 1190 474; x_wconf 86' lang='lat' dir='ltr'>colubras</span> 
     </span>
    </p>
   </div>
   <div class='ocr_carea' id='block_1_3' title="bbox 197 502 1729 801">
    <p class='ocr_par' dir='ltr' id='par_1_3' title="bbox 197 502 1729 801">
     <span class='ocr_line' id='line_1_4' title="bbox 199 502 1075 580; baseline 0.01 -25"><span class='ocrx_word' id='word_1_13' title='bbox 199 519 297 555; x_wconf 77' lang='lat' dir='ltr'>neo</span> <span class='ocrx_word' id='word_1_14' title='bbox 317 502 578 559; x_wconf 85' lang='lat' dir='ltr'><strong>Martiales</strong></span> <span class='ocrx_word' id='word_1_15' title='bbox 598 507 882 562; x_wconf 87' lang='lat' dir='ltr'>hoeduleae</span> <span class='ocrx_word' id='word_1_16' title='bbox 902 508 1075 580; x_wconf 51' lang='lat' dir='ltr'>lupos„</span> 
     </span>
     <span class='ocr_line' id='line_1_5' title="bbox 197 579 1729 655; baseline 0.011 -25"><span class='ocrx_word' id='word_1_17' title='bbox 197 586 491 650; x_wconf 88' lang='lat' dir='ltr'>utcumque</span> <span class='ocrx_word' id='word_1_18' title='bbox 510 579 671 646; x_wconf 88' lang='lat' dir='ltr'>dulci,</span> <span class='ocrx_word' id='word_1_19' title='bbox 698 583 948 655; x_wconf 82' lang='lat' dir='ltr'>Tyndari,</span> <span class='ocrx_word' id='word_1_20' title='bbox 975 585 1149 640; x_wconf 82' lang='lat' dir='ltr'>fistula</span> <span class='ocrx_word' id='word_1_21' title='bbox 1407 594 1412 597; x_wconf 80' lang='grc'><em>“</em></span> <span class='ocrx_word' id='word_1_22' title='bbox 1679 605 1729 647; x_wconf 81' lang='lat'>10</span> 
     </span>
     <span class='ocr_line' id='line_1_6' title="bbox 275 652 989 712; baseline 0.011 -7"><span class='ocrx_word' id='word_1_23' title='bbox 275 652 438 708; x_wconf 85' lang='lat' dir='ltr'>valles</span> <span class='ocrx_word' id='word_1_24' title='bbox 459 663 509 708; x_wconf 90' lang='lat' dir='ltr'>et</span> <span class='ocrx_word' id='word_1_25' title='bbox 528 656 729 710; x_wconf 82' lang='lat' dir='ltr'><strong>Usticae</strong></span> <span class='ocrx_word' id='word_1_26' title='bbox 747 658 989 712; x_wconf 87' lang='lat' dir='ltr'>cubantis</span> 
     </span>
     <span class='ocr_line' id='line_1_7' title="bbox 351 727 991 801; baseline 0.013 -21"><span class='ocrx_word' id='word_1_27' title='bbox 351 727 485 784; x_wconf 89' lang='lat' dir='ltr'>levia</span> <span class='ocrx_word' id='word_1_28' title='bbox 504 748 819 801; x_wconf 79' lang='lat' dir='ltr'>personuere</span> <span class='ocrx_word' id='word_1_29' title='bbox 843 751 991 788; x_wconf 86' lang='lat' dir='ltr'>saxa.</span> 
     </span>
    </p>
   </div>
   <div class='ocr_carea' id='block_1_4' title="bbox 187 818 1724 1121">
    <p class='ocr_par' dir='ltr' id='par_1_4' title="bbox 187 818 1724 1121">
     <span class='ocr_line' id='line_1_8' title="bbox 191 818 1069 896; baseline 0.01 -25"><span class='ocrx_word' id='word_1_30' title='bbox 191 818 258 872; x_wconf 75' lang='lat' dir='ltr'>Di</span> <span class='ocrx_word' id='word_1_31' title='bbox 279 835 366 874; x_wconf 87' lang='lat' dir='ltr'>me</span> <span class='ocrx_word' id='word_1_32' title='bbox 384 828 624 877; x_wconf 89' lang='lat' dir='ltr'>tuentur:</span> <span class='ocrx_word' id='word_1_33' title='bbox 669 824 752 878; x_wconf 81' lang='lat' dir='ltr'>dis</span> <span class='ocrx_word' id='word_1_34' title='bbox 768 825 933 896; x_wconf 88' lang='lat' dir='ltr'>pietas</span> <span class='ocrx_word' id='word_1_35' title='bbox 952 844 1069 880; x_wconf 89' lang='lat' dir='ltr'>mea</span> 
     </span>
     <span class='ocr_line' id='line_1_9' title="bbox 187 895 1146 973; baseline 0.009 -27"><span class='ocrx_word' id='word_1_36' title='bbox 187 902 241 947; x_wconf 88' lang='lat' dir='ltr'>et</span> <span class='ocrx_word' id='word_1_37' title='bbox 258 895 414 949; x_wconf 88' lang='lat' dir='ltr'>Musa</span> <span class='ocrx_word' id='word_1_38' title='bbox 432 897 575 950; x_wconf 83' lang='lat' dir='ltr'>cordi</span> <span class='ocrx_word' id='word_1_39' title='bbox 595 907 690 952; x_wconf 89' lang='lat' dir='ltr'>est.</span> <span class='ocrx_word' id='word_1_40' title='bbox 770 901 866 953; x_wconf 88' lang='lat' dir='ltr'>Hic</span> <span class='ocrx_word' id='word_1_41' title='bbox 884 901 979 954; x_wconf 88' lang='lat' dir='ltr'>tibi</span> <span class='ocrx_word' id='word_1_42' title='bbox 1000 903 1146 973; x_wconf 81' lang='lat' dir='ltr'>copia</span> 
     </span>
     <span class='ocr_line' id='line_1_10' title="bbox 269 972 1724 1049; baseline 0.012 -26"><span class='ocrx_word' id='word_1_43' title='bbox 269 972 508 1024; x_wconf 80' lang='lat' dir='ltr'><strong>manabit</strong></span> <span class='ocrx_word' id='word_1_44' title='bbox 526 972 593 1026; x_wconf 87' lang='lat' dir='ltr'>ad</span> <span class='ocrx_word' id='word_1_45' title='bbox 608 973 828 1044; x_wconf 88' lang='lat' dir='ltr'>plenum</span> <span class='ocrx_word' id='word_1_46' title='bbox 853 975 1085 1049; x_wconf 77' lang='lat' dir='ltr'>benigno</span> <span class='ocrx_word' id='word_1_47' title='bbox 1674 998 1724 1041; x_wconf 85' lang='lat'>15</span> 
     </span>
     <span class='ocr_line' id='line_1_11' title="bbox 344 1046 1240 1121; baseline 0.012 -24"><span class='ocrx_word' id='word_1_48' title='bbox 344 1046 485 1099; x_wconf 90' lang='lat' dir='ltr'>ruris</span> <span class='ocrx_word' id='word_1_49' title='bbox 505 1047 767 1103; x_wconf 88' lang='lat' dir='ltr'>honorum</span> <span class='ocrx_word' id='word_1_50' title='bbox 787 1050 1031 1121; x_wconf 88' lang='lat' dir='ltr'>opulenta</span> <span class='ocrx_word' id='word_1_51' title='bbox 1058 1069 1240 1108; x_wconf 88' lang='lat' dir='ltr'>cornu.</span> 
     </span>
    </p>
   </div>
   <div class='ocr_carea' id='block_1_5' title="bbox 184 1136 1049 1347">
    <p class='ocr_par' dir='ltr' id='par_1_5' title="bbox 184 1136 1049 1347">
     <span class='ocr_line' id='line_1_12' title="bbox 184 1136 1049 1198; baseline 0.013 -11"><span class='ocrx_word' id='word_1_52' title='bbox 184 1137 287 1188; x_wconf 91' lang='lat' dir='ltr'>Hic</span> <span class='ocrx_word' id='word_1_53' title='bbox 305 1136 364 1189; x_wconf 93' lang='lat' dir='ltr'>in</span> <span class='ocrx_word' id='word_1_54' title='bbox 383 1137 594 1191; x_wconf 87' lang='lat' dir='ltr'>reducta</span> <span class='ocrx_word' id='word_1_55' title='bbox 615 1138 753 1192; x_wconf 86' lang='lat' dir='ltr'>valle</span> <span class='ocrx_word' id='word_1_56' title='bbox 771 1141 1049 1198; x_wconf 82' lang='lat' dir='ltr'>Caniculae</span> 
     </span>
     <span class='ocr_line' id='line_1_13' title="bbox 185 1210 940 1277; baseline 0.011 -14"><span class='ocrx_word' id='word_1_57' title='bbox 185 1210 386 1264; x_wconf 80' lang='lat' dir='ltr'>vitabis</span> <span class='ocrx_word' id='word_1_58' title='bbox 407 1221 600 1277; x_wconf 82' lang='lat' dir='ltr'>aestuS,</span> <span class='ocrx_word' id='word_1_59' title='bbox 626 1222 676 1267; x_wconf 88' lang='lat' dir='ltr'>et</span> <span class='ocrx_word' id='word_1_60' title='bbox 696 1214 798 1268; x_wconf 82' lang='lat' dir='ltr'>fide</span> <span class='ocrx_word' id='word_1_61' title='bbox 818 1217 940 1272; x_wconf 83' lang='lat' dir='ltr'>Te&#39;ia</span> 
     </span>
     <span class='ocr_line' id='line_1_14' title="bbox 262 1285 924 1347; baseline 0.012 -8"><span class='ocrx_word' id='word_1_62' title='bbox 262 1285 407 1340; x_wconf 86' lang='lat' dir='ltr'>dices</span> <span class='ocrx_word' id='word_1_63' title='bbox 429 1286 720 1343; x_wconf 80' lang='lat' dir='ltr'>laborantes</span> <span class='ocrx_word' id='word_1_64' title='bbox 738 1291 793 1345; x_wconf 86' lang='lat' dir='ltr'>in</span> <span class='ocrx_word' id='word_1_65' title='bbox 818 1309 924 1347; x_wconf 91' lang='lat' dir='ltr'>uno</span> 
     </span>
    </p>
   </div>
   <div class='ocr_carea' id='block_1_6' title="bbox 178 1362 1719 1756">
    <p class='ocr_par' dir='ltr' id='par_1_6' title="bbox 178 1362 1719 1756">
     <span class='ocr_line' id='line_1_15' title="bbox 342 1362 1719 1438; baseline 0.012 -24"><span class='ocrx_word' id='word_1_66' title='bbox 342 1362 631 1433; x_wconf 87' lang='lat' dir='ltr'>Penelopen</span> <span class='ocrx_word' id='word_1_67' title='bbox 653 1365 978 1438; x_wconf 86' lang='lat' dir='ltr'>vitreamque</span> <span class='ocrx_word' id='word_1_68' title='bbox 997 1369 1197 1425; x_wconf 85' lang='lat' dir='ltr'>Circen.</span> <span class='ocrx_word' id='word_1_69' title='bbox 1667 1387 1719 1430; x_wconf 84' lang='lat'>2⁰</span> 
     </span>
     <span class='ocr_line' id='line_1_16' title="bbox 181 1451 996 1526; baseline 0.013 -23"><span class='ocrx_word' id='word_1_70' title='bbox 181 1451 282 1504; x_wconf 90' lang='lat' dir='ltr'>Hic</span> <span class='ocrx_word' id='word_1_71' title='bbox 302 1452 595 1508; x_wconf 85' lang='lat' dir='ltr'>innocentis</span> <span class='ocrx_word' id='word_1_72' title='bbox 615 1456 799 1526; x_wconf 88' lang='lat' dir='ltr'>pocula</span> <span class='ocrx_word' id='word_1_73' title='bbox 821 1460 996 1514; x_wconf 86' lang='lat' dir='ltr'>Lesbii</span> 
     </span>
     <span class='ocr_line' id='line_1_17' title="bbox 178 1526 1149 1590; baseline 0.011 -11"><span class='ocrx_word' id='word_1_74' title='bbox 178 1526 349 1581; x_wconf 86' lang='lat' dir='ltr'>duces</span> <span class='ocrx_word' id='word_1_75' title='bbox 367 1528 470 1582; x_wconf 91' lang='lat' dir='ltr'>sub</span> <span class='ocrx_word' id='word_1_76' title='bbox 489 1530 703 1586; x_wconf 73' lang='lat' dir='ltr'>umbra:</span> <span class='ocrx_word' id='word_1_77' title='bbox 747 1551 842 1587; x_wconf 89' lang='lat' dir='ltr'>nec</span> <span class='ocrx_word' id='word_1_78' title='bbox 860 1535 1149 1590; x_wconf 70' lang='lat' dir='ltr'>Semeleius</span> 
     </span>
     <span class='ocr_line' id='line_1_18' title="bbox 259 1604 1173 1683; baseline 0.011 -28"><span class='ocrx_word' id='word_1_79' title='bbox 259 1620 384 1656; x_wconf 90' lang='lat' dir='ltr'>cum</span> <span class='ocrx_word' id='word_1_80' title='bbox 407 1604 569 1659; x_wconf 87' lang='lat' dir='ltr'>Marte</span> <span class='ocrx_word' id='word_1_81' title='bbox 589 1606 869 1663; x_wconf 85' lang='lat' dir='ltr'>confundet</span> <span class='ocrx_word' id='word_1_82' title='bbox 889 1611 1173 1683; x_wconf 84' lang='lat' dir='ltr'>Thyoneus</span> 
     </span>
     <span class='ocr_line' id='line_1_19' title="bbox 332 1679 1242 1756; baseline 0.011 -26"><span class='ocrx_word' id='word_1_83' title='bbox 332 1679 554 1749; x_wconf 83' lang='lat' dir='ltr'>proelia3</span> <span class='ocrx_word' id='word_1_84' title='bbox 600 1699 695 1736; x_wconf 90' lang='lat' dir='ltr'>nec</span> <span class='ocrx_word' id='word_1_85' title='bbox 712 1692 921 1738; x_wconf 88' lang='lat' dir='ltr'>metues·</span> <span class='ocrx_word' id='word_1_86' title='bbox 937 1694 1242 1756; x_wconf 83' lang='lat' dir='ltr'>protervum</span> 
     </span>
    </p>
   </div>
   <div class='ocr_carea' id='block_1_7' title="bbox 176 1770 1715 1917">
    <p class='ocr_par' dir='ltr' id='par_1_7' title="bbox 176 1770 1715 1917">
     <span class='ocr_line' id='line_1_20' title="bbox 176 1770 1715 1849; baseline 0.01 -27"><span class='ocrx_word' id='word_1_87' title='bbox 176 1777 425 1839; x_wconf 86' lang='lat' dir='ltr'>suspecta</span> <span class='ocrx_word' id='word_1_88' title='bbox 446 1770 666 1845; x_wconf 81' lang='lat' dir='ltr'>Cyrum,</span> <span class='ocrx_word' id='word_1_89' title='bbox 694 1793 758 1828; x_wconf 90' lang='lat' dir='ltr'>ne</span> <span class='ocrx_word' id='word_1_90' title='bbox 780 1776 916 1830; x_wconf 87' lang='lat' dir='ltr'>male</span> <span class='ocrx_word' id='word_1_91' title='bbox 940 1777 1137 1849; x_wconf 72' lang='lat' dir='ltr'>dispa&#39;ri</span> <span class='ocrx_word' id='word_1_92' title='bbox 1663 1795 1715 1838; x_wconf 82' lang='lat'>25</span> 
     </span>
     <span class='ocr_line' id='line_1_21' title="bbox 176 1844 1018 1917; baseline 0.012 -21"><span class='ocrx_word' id='word_1_93' title='bbox 176 1844 566 1900; x_wconf 83' lang='lat' dir='ltr'>incontinentes</span> <span class='ocrx_word' id='word_1_94' title='bbox 590 1849 788 1903; x_wconf 89' lang='lat' dir='ltr'>iniiciat</span> <span class='ocrx_word' id='word_1_95' title='bbox 808 1869 1018 1917; x_wconf 83' lang='lat' dir='ltr'>manuS‚</span> 
     </span>
    </p>
   </div>
   <div class='ocr_carea' id='block_1_8' title="bbox 254 1920 1273 2073">
    <p class='ocr_par' dir='ltr' id='par_1_8' title="bbox 254 1920 1273 2073">
     <span class='ocr_line' id='line_1_22' title="bbox 254 1920 1115 1981; baseline 0.01 -10"><span class='ocrx_word' id='word_1_96' title='bbox 254 1927 306 1972; x_wconf 90' lang='lat' dir='ltr'>et</span> <span class='ocrx_word' id='word_1_97' title='bbox 326 1920 533 1975; x_wconf 88' lang='lat' dir='ltr'>scindat</span> <span class='ocrx_word' id='word_1_98' title='bbox 550 1922 847 1978; x_wconf 88' lang='lat' dir='ltr'>haerentem</span> <span class='ocrx_word' id='word_1_99' title='bbox 871 1943 1115 1981; x_wconf 88' lang='lat' dir='ltr'>coronam</span> 
     </span>
     <span class='ocr_line' id='line_1_23' title="bbox 330 1995 1273 2073; baseline 0.015 -26"><span class='ocrx_word' id='word_1_100' title='bbox 330 1995 587 2062; x_wconf 81' lang='lat' dir='ltr'>crinibuS,</span> <span class='ocrx_word' id='word_1_101' title='bbox 612 1998 1036 2073; x_wconf 84' lang='lat' dir='ltr'>immeritamque</span> <span class='ocrx_word' id='word_1_102' title='bbox 1054 2011 1273 2061; x_wconf 81' lang='lat' dir='ltr'>vestem.</span> 
     </span>
    </p>
   </div>
   <div class='ocr_carea' id='block_1_9' title="bbox 316 2232 1389 2412">
    <p class='ocr_par' dir='ltr' id='par_1_9' title="bbox 316 2232 1389 2412">
     <span class='ocr_line' id='line_1_24' title="bbox 499 2232 1209 2304; baseline 0.008 -6"><span class='ocrx_word' id='word_1_103' title='bbox 499 2242 548 2298; x_wconf 94' lang='lat' dir='ltr'>o</span> <span class='ocrx_word' id='word_1_104' title='bbox 607 2244 669 2298; x_wconf 87' lang='lat' dir='ltr'>D</span> <span class='ocrx_word' id='word_1_105' title='bbox 728 2244 780 2299; x_wconf 89' lang='lat' dir='ltr'><strong>E</strong></span> <span class='ocrx_word' id='word_1_106' title='bbox 898 2232 1209 2304; x_wconf 82' lang='lat' dir='ltr'>xvl1’1.</span> 
     </span>
     <span class='ocr_line' id='line_1_25' title="bbox 316 2359 1389 2412; baseline 0.011 -12"><span class='ocrx_word' id='word_1_107' title='bbox 316 2359 412 2402; x_wconf 79' lang='lat' dir='ltr'>Al)</span> <span class='ocrx_word' id='word_1_108' title='bbox 463 2360 520 2401; x_wconf 89' lang='lat' dir='ltr'>P.</span> <span class='ocrx_word' id='word_1_109' title='bbox 569 2359 1080 2410; x_wconf 70' lang='lat' dir='ltr'>QUINCTILIUM</span> <span class='ocrx_word' id='word_1_110' title='bbox 1129 2367 1389 2412; x_wconf 79' lang='lat' dir='ltr'><strong>VARUM.</strong></span> 
     </span>
    </p>
   </div>
   <div class='ocr_carea' id='block_1_10' title="bbox 696 2484 1021 2494">
    <p class='ocr_par' dir='ltr' id='par_1_10' title="bbox 696 2484 1021 2494">
     <span class='ocr_line' id='line_1_26' title="bbox 696 2484 1021 2494; baseline 0 675"><span class='ocrx_word' id='word_1_111' title='bbox 696 2484 1021 2494; x_wconf 95' lang='lat' dir='ltr'> </span> 
     </span>
    </p>
   </div>
   <div class='ocr_carea' id='block_1_11' title="bbox 233 2565 1453 2614">
    <p class='ocr_par' dir='ltr' id='par_1_11' title="bbox 233 2565 1453 2614">
     <span class='ocr_line' id='line_1_27' title="bbox 233 2565 1453 2614; baseline 0.011 -13"><span class='ocrx_word' id='word_1_112' title='bbox 233 2566 396 2604; x_wconf 74' lang='lat' dir='ltr'>Laudat</span> <span class='ocrx_word' id='word_1_113' title='bbox 412 2565 571 2612; x_wconf 81' lang='lat' dir='ltr'>vinum,</span> <span class='ocrx_word' id='word_1_114' title='bbox 591 2570 660 2607; x_wconf 77' lang='lat' dir='ltr'>sed</span> <span class='ocrx_word' id='word_1_115' title='bbox 677 2569 732 2608; x_wconf 76' lang='lat' dir='ltr'>ita</span> <span class='ocrx_word' id='word_1_116' title='bbox 749 2577 796 2608; x_wconf 81' lang='lat' dir='ltr'>ut</span> <span class='ocrx_word' id='word_1_117' title='bbox 814 2573 1012 2610; x_wconf 75' lang='lat' dir='ltr'>moderate</span> <span class='ocrx_word' id='word_1_118' title='bbox 1030 2574 1204 2610; x_wconf 76' lang='lat' dir='ltr'>bibatur.</span> <span class='ocrx_word' id='word_1_119' title='bbox 1253 2579 1374 2614; x_wconf 82' lang='lat' dir='ltr'>Metr.</span> <span class='ocrx_word' id='word_1_120' title='bbox 1399 2579 1453 2614; x_wconf 92' lang='lat'>11.</span> 
     </span>
    </p>
   </div>
   <div class='ocr_carea' id='block_1_12' title="bbox 164 2654 1533 2743">
    <p class='ocr_par' dir='ltr' id='par_1_12' title="bbox 164 2654 1533 2743">
     <span class='ocr_line' id='line_1_28' title="bbox 164 2654 1533 2743; baseline 0.007 -27"><span class='ocrx_word' id='word_1_121' title='bbox 164 2654 423 2731; x_wconf 87' lang='lat' dir='ltr'>Nullam,</span> <span class='ocrx_word' id='word_1_122' title='bbox 448 2667 598 2733; x_wconf 75' lang='lat' dir='ltr'>Vere,</span> <span class='ocrx_word' id='word_1_123' title='bbox 623 2687 767 2724; x_wconf 87' lang='lat' dir='ltr'>sacra</span> <span class='ocrx_word' id='word_1_124' title='bbox 786 2672 892 2725; x_wconf 86' lang='lat' dir='ltr'>vite</span> <span class='ocrx_word' id='word_1_125' title='bbox 910 2673 1063 2743; x_wconf 88' lang='lat' dir='ltr'>prius</span> <span class='ocrx_word' id='word_1_126' title='bbox 1083 2674 1277 2726; x_wconf 85' lang='lat' dir='ltr'>severis</span> <span class='ocrx_word' id='word_1_127' title='bbox 1298 2675 1533 2727; x_wconf 80' lang='lat' dir='ltr'>arborem</span> 
     </span>
    </p>
   </div>
   <div class='ocr_carea' id='block_1_13' title="bbox 80 2740 1820 2984">
    <p class='ocr_par' dir='ltr' id='par_1_13' title="bbox 80 2740 1820 2984">
     <span class='ocr_line' id='line_1_29' title="bbox 80 2740 1820 2984; baseline 0.003 -191"><span class='ocrx_word' id='word_1_128' title='bbox 80 2740 229 2793; x_wconf 86' lang='lat' dir='ltr'>circa</span> <span class='ocrx_word' id='word_1_129' title='bbox 250 2741 381 2795; x_wconf 86' lang='lat' dir='ltr'>mite</span> <span class='ocrx_word' id='word_1_130' title='bbox 399 2740 574 2796; x_wconf 89' lang='lat' dir='ltr'>solum</span> <span class='ocrx_word' id='word_1_131' title='bbox 595 2743 808 2799; x_wconf 89' lang='lat' dir='ltr'>Tiburis</span> <span class='ocrx_word' id='word_1_132' title='bbox 825 2753 877 2798; x_wconf 86' lang='lat' dir='ltr'>et</span> <span class='ocrx_word' id='word_1_133' title='bbox 901 2746 1106 2799; x_wconf 79' lang='lat' dir='ltr'>moenia</span> <span class='ocrx_word' id='word_1_134' title='bbox 1127 2746 1299 2799; x_wconf 85' lang='lat' dir='ltr'>Catili.</span> <span class='ocrx_word' id='word_1_135' title='bbox 1560 2798 1564 2804; x_wconf 75' lang='grc'>,</span> <span class='ocrx_word' id='word_1_136' title='bbox 1601 2797 1820 2984; x_wconf 49' lang='lat' dir='ltr'>f,</span> 
     </span>
    </p>
   </div>
  </div>
 </body>
</html>
