<?xml version="1.0" encoding="UTF-8"?>
<!DOCTYPE html PUBLIC "-//W3C//DTD XHTML 1.0 Transitional//EN"
    "http://www.w3.org/TR/xhtml1/DTD/xhtml1-transitional.dtd">
<html xmlns="http://www.w3.org/1999/xhtml" xml:lang="en" lang="en">
 <head>
  <title>
</title>
<meta http-equiv="Content-Type" content="text/html;charset=utf-8" />
  <meta name='ocr-system' content='tesseract 3.04.00' />
  <meta name='ocr-capabilities' content='ocr_page ocr_carea ocr_par ocr_line ocrx_word'/>
</head>
<body>
  <div class='ocr_page' id='page_1' title='image "./qhoratiiflaccio02weisgoog_0195.png"; bbox 0 0 2081 3169; ppageno 0'>
   <div class='ocr_carea' id='block_1_1' title="bbox 597 182 1641 235">
    <p class='ocr_par' dir='ltr' id='par_1_1' title="bbox 597 182 1641 235">
     <span class='ocr_line' id='line_1_1' title="bbox 597 182 1641 235; baseline 0.003 -4"><span class='ocrx_word' id='word_1_1' title='bbox 597 186 739 231; x_wconf 86' lang='lat' dir='ltr'><strong>LIB.</strong></span> <span class='ocrx_word' id='word_1_2' title='bbox 779 187 823 232; x_wconf 92' lang='lat'>1.</span> <span class='ocrx_word' id='word_1_3' title='bbox 885 188 1050 234; x_wconf 77' lang='lat' dir='ltr'>SAT.</span> <span class='ocrx_word' id='word_1_4' title='bbox 1090 189 1182 235; x_wconf 86' lang='lat' dir='ltr'>VI.</span> <span class='ocrx_word' id='word_1_5' title='bbox 1544 182 1641 234; x_wconf 73' lang='lat'>⁴85</span> 
     </span>
    </p>
   </div>
   <div class='ocr_carea' id='block_1_2' title="bbox 130 280 1751 2778">
    <p class='ocr_par' dir='ltr' id='par_1_2' title="bbox 143 280 1250 358">
     <span class='ocr_line' id='line_1_2' title="bbox 143 280 1250 358; baseline 0.002 -18"><span class='ocrx_word' id='word_1_6' title='bbox 143 302 247 357; x_wconf 91' lang='lat' dir='ltr'>quo</span> <span class='ocrx_word' id='word_1_7' title='bbox 263 280 419 356; x_wconf 87' lang='lat' dir='ltr'>pueri</span> <span class='ocrx_word' id='word_1_8' title='bbox 438 286 650 358; x_wconf 87' lang='lat' dir='ltr'>magnis</span> <span class='ocrx_word' id='word_1_9' title='bbox 668 304 697 340; x_wconf 91' lang='lat' dir='ltr'>e</span> <span class='ocrx_word' id='word_1_10' title='bbox 715 283 1112 342; x_wconf 75' lang='lat' dir='ltr'>centurionibus</span> <span class='ocrx_word' id='word_1_11' title='bbox 1131 288 1250 353; x_wconf 79' lang='lat' dir='ltr'>orti,</span> 
     </span>
    </p>

    <p class='ocr_par' dir='ltr' id='par_1_3' title="bbox 143 359 1368 434">
     <span class='ocr_line' id='line_1_3' title="bbox 143 359 1368 434; baseline 0.004 -20"><span class='ocrx_word' id='word_1_12' title='bbox 143 360 287 416; x_wconf 88' lang='lat' dir='ltr'>laevo</span> <span class='ocrx_word' id='word_1_13' title='bbox 313 362 561 432; x_wconf 85' lang='lat' dir='ltr'>suspensi</span> <span class='ocrx_word' id='word_1_14' title='bbox 580 359 780 416; x_wconf 88' lang='lat' dir='ltr'>loculos</span> <span class='ocrx_word' id='word_1_15' title='bbox 799 362 1144 434; x_wconf 87' lang='lat' dir='ltr'>tabulamque</span> <span class='ocrx_word' id='word_1_16' title='bbox 1164 363 1368 430; x_wconf 82' lang='lat' dir='ltr'>lacerto,</span> 
     </span>
    </p>

    <p class='ocr_par' dir='ltr' id='par_1_4' title="bbox 143 436 1747 501">
     <span class='ocr_line' id='line_1_4' title="bbox 143 436 1747 501; baseline 0.002 -12"><span class='ocrx_word' id='word_1_17' title='bbox 143 436 285 491; x_wconf 87' lang='lat' dir='ltr'><strong>ibant</strong></span> <span class='ocrx_word' id='word_1_18' title='bbox 303 437 504 491; x_wconf 84' lang='lat' dir='ltr'>octonis</span> <span class='ocrx_word' id='word_1_19' title='bbox 520 436 798 492; x_wconf 80' lang='lat' dir='ltr'>referentes</span> <span class='ocrx_word' id='word_1_20' title='bbox 817 437 1003 492; x_wconf 88' lang='lat' dir='ltr'>Idibus</span> <span class='ocrx_word' id='word_1_21' title='bbox 1021 456 1157 501; x_wconf 83' lang='lat' dir='ltr'>aera,</span> <span class='ocrx_word' id='word_1_22' title='bbox 1695 456 1747 497; x_wconf 78' lang='lat'>75</span> 
     </span>
    </p>

    <p class='ocr_par' dir='ltr' id='par_1_5' title="bbox 144 513 1555 584">
     <span class='ocr_line' id='line_1_5' title="bbox 144 513 1555 584; baseline 0.004 -18"><span class='ocrx_word' id='word_1_23' title='bbox 144 513 231 566; x_wconf 89' lang='lat' dir='ltr'>sed</span> <span class='ocrx_word' id='word_1_24' title='bbox 250 529 480 583; x_wconf 88' lang='lat' dir='ltr'>puerum</span> <span class='ocrx_word' id='word_1_25' title='bbox 504 520 585 566; x_wconf 78' lang='lat' dir='ltr'>est</span> <span class='ocrx_word' id='word_1_26' title='bbox 608 530 773 569; x_wconf 89' lang='lat' dir='ltr'>ausus</span> <span class='ocrx_word' id='word_1_27' title='bbox 793 514 1013 568; x_wconf 87' lang='lat' dir='ltr'>Romam</span> <span class='ocrx_word' id='word_1_28' title='bbox 1035 521 1246 584; x_wconf 49' lang='lat' dir='ltr'>portare*</span> <span class='ocrx_word' id='word_1_29' title='bbox 1261 513 1555 571; x_wconf 89' lang='lat' dir='ltr'>docendum</span> 
     </span>
    </p>

    <p class='ocr_par' dir='ltr' id='par_1_6' title="bbox 145 583 1426 661">
     <span class='ocr_line' id='line_1_6' title="bbox 145 583 1426 661; baseline 0.003 -20"><span class='ocrx_word' id='word_1_30' title='bbox 145 596 288 652; x_wconf 77' lang='lat' dir='ltr'>arteS,</span> <span class='ocrx_word' id='word_1_31' title='bbox 310 606 449 661; x_wconf 89' lang='lat' dir='ltr'>quas</span> <span class='ocrx_word' id='word_1_32' title='bbox 469 583 649 644; x_wconf 84' lang='lat' dir='ltr'>doceat</span> <span class='ocrx_word' id='word_1_33' title='bbox 667 588 850 660; x_wconf 88' lang='lat' dir='ltr'>quivis</span> <span class='ocrx_word' id='word_1_34' title='bbox 868 606 1030 661; x_wconf 89' lang='lat' dir='ltr'>eques</span> <span class='ocrx_word' id='word_1_35' title='bbox 1045 596 1203 661; x_wconf 80' lang='lat' dir='ltr'>atque</span> <span class='ocrx_word' id='word_1_36' title='bbox 1219 599 1426 645; x_wconf 84' lang='lat' dir='ltr'>senator</span> 
     </span>
    </p>

    <p class='ocr_par' dir='ltr' id='par_1_7' title="bbox 144 665 1489 737">
     <span class='ocr_line' id='line_1_7' title="bbox 144 665 1489 737; baseline 0.003 -20"><span class='ocrx_word' id='word_1_37' title='bbox 144 671 302 717; x_wconf 87' lang='lat' dir='ltr'>semet</span> <span class='ocrx_word' id='word_1_38' title='bbox 318 671 625 737; x_wconf 86' lang='lat' dir='ltr'>prognatos.</span> <span class='ocrx_word' id='word_1_39' title='bbox 670 665 881 719; x_wconf 84' lang='lat' dir='ltr'>Vestem</span> <span class='ocrx_word' id='word_1_40' title='bbox 902 681 1192 737; x_wconf 80' lang='lat' dir='ltr'>servosque</span> <span class='ocrx_word' id='word_1_41' title='bbox 1211 675 1489 736; x_wconf 83' lang='lat' dir='ltr'>sequentes</span> 
     </span>
    </p>

    <p class='ocr_par' dir='ltr' id='par_1_8' title="bbox 144 738 1321 813">
     <span class='ocr_line' id='line_1_8' title="bbox 144 738 1321 813; baseline 0.002 -21"><span class='ocrx_word' id='word_1_42' title='bbox 144 739 198 793; x_wconf 89' lang='lat' dir='ltr'>in</span> <span class='ocrx_word' id='word_1_43' title='bbox 217 757 411 813; x_wconf 83' lang='lat' dir='ltr'>magno</span> <span class='ocrx_word' id='word_1_44' title='bbox 431 748 492 793; x_wconf 87' lang='lat' dir='ltr'>ut</span> <span class='ocrx_word' id='word_1_45' title='bbox 510 738 707 811; x_wconf 90' lang='lat' dir='ltr'>populo</span> <span class='ocrx_word' id='word_1_46' title='bbox 726 741 773 794; x_wconf 87' lang='lat' dir='ltr'>si</span> <span class='ocrx_word' id='word_1_47' title='bbox 794 740 891 811; x_wconf 90' lang='lat' dir='ltr'>qui</span> <span class='ocrx_word' id='word_1_48' title='bbox 912 740 1150 805; x_wconf 85' lang='lat' dir='ltr'>vidisset,</span> <span class='ocrx_word' id='word_1_49' title='bbox 1179 741 1321 795; x_wconf 82' lang='lat' dir='ltr'>avita</span> 
     </span>
    </p>

    <p class='ocr_par' dir='ltr' id='par_1_9' title="bbox 141 815 1751 887">
     <span class='ocr_line' id='line_1_9' title="bbox 141 815 1751 887; baseline 0.004 -19"><span class='ocrx_word' id='word_1_50' title='bbox 141 831 205 869; x_wconf 86' lang='lat' dir='ltr'>ex</span> <span class='ocrx_word' id='word_1_51' title='bbox 225 833 278 869; x_wconf 89' lang='lat' dir='ltr'>re</span> <span class='ocrx_word' id='word_1_52' title='bbox 296 815 539 887; x_wconf 87' lang='lat' dir='ltr'>praeberi</span> <span class='ocrx_word' id='word_1_53' title='bbox 559 822 805 886; x_wconf 79' lang='lat' dir='ltr'>sumptus</span> <span class='ocrx_word' id='word_1_54' title='bbox 827 816 962 870; x_wconf 88' lang='lat' dir='ltr'>mihi</span> <span class='ocrx_word' id='word_1_55' title='bbox 983 816 1212 870; x_wconf 82' lang='lat' dir='ltr'>crederet</span> <span class='ocrx_word' id='word_1_56' title='bbox 1236 815 1375 871; x_wconf 90' lang='lat' dir='ltr'>illos.</span> <span class='ocrx_word' id='word_1_57' title='bbox 1699 833 1751 874; x_wconf 84' lang='lat'>80</span> 
     </span>
    </p>

    <p class='ocr_par' dir='ltr' id='par_1_10' title="bbox 141 891 1323 963">
     <span class='ocr_line' id='line_1_10' title="bbox 141 891 1323 963; baseline 0.002 -19"><span class='ocrx_word' id='word_1_58' title='bbox 141 891 254 961; x_wconf 89' lang='lat' dir='ltr'>Ipse</span> <span class='ocrx_word' id='word_1_59' title='bbox 273 891 411 945; x_wconf 89' lang='lat' dir='ltr'>mihi</span> <span class='ocrx_word' id='word_1_60' title='bbox 430 897 607 945; x_wconf 82' lang='lat' dir='ltr'>custos</span> <span class='ocrx_word' id='word_1_61' title='bbox 626 891 1119 963; x_wconf 84' lang='lat' dir='ltr'>incorruptissimus</span> <span class='ocrx_word' id='word_1_62' title='bbox 1137 908 1323 947; x_wconf 85' lang='lat' dir='ltr'>omnes</span> 
     </span>
    </p>

    <p class='ocr_par' dir='ltr' id='par_1_11' title="bbox 140 965 1549 1039">
     <span class='ocr_line' id='line_1_11' title="bbox 140 965 1549 1039; baseline 0.003 -20"><span class='ocrx_word' id='word_1_63' title='bbox 140 967 336 1020; x_wconf 88' lang='lat' dir='ltr'>circum</span> <span class='ocrx_word' id='word_1_64' title='bbox 357 966 591 1021; x_wconf 76' lang='lat' dir='ltr'>docteres</span> <span class='ocrx_word' id='word_1_65' title='bbox 609 965 804 1021; x_wconf 86' lang='lat' dir='ltr'>aderat.</span> <span class='ocrx_word' id='word_1_66' title='bbox 866 966 1008 1033; x_wconf 88' lang='lat' dir='ltr'>Quid</span> <span class='ocrx_word' id='word_1_67' title='bbox 1027 965 1233 1022; x_wconf 75' lang='lat' dir='ltr'>multa?</span> <span class='ocrx_word' id='word_1_68' title='bbox 1288 967 1549 1039; x_wconf 89' lang='lat' dir='ltr'>pudicum</span> 
     </span>
    </p>

    <p class='ocr_par' dir='ltr' id='par_1_12' title="bbox 142 1041 1447 1115">
     <span class='ocr_line' id='line_1_12' title="bbox 142 1041 1447 1115; baseline 0.002 -19"><span class='ocrx_word' id='word_1_69' title='bbox 142 1041 252 1113; x_wconf 83' lang='lat' dir='ltr'>(qui</span> <span class='ocrx_word' id='word_1_70' title='bbox 271 1044 484 1113; x_wconf 86' lang='lat' dir='ltr'>primus</span> <span class='ocrx_word' id='word_1_71' title='bbox 505 1042 718 1096; x_wconf 86' lang='lat' dir='ltr'>virtutis</span> <span class='ocrx_word' id='word_1_72' title='bbox 737 1041 926 1115; x_wconf 85' lang='lat' dir='ltr'>honos)</span> <span class='ocrx_word' id='word_1_73' title='bbox 950 1043 1191 1098; x_wconf 82' lang='lat' dir='ltr'>servavit</span> <span class='ocrx_word' id='word_1_74' title='bbox 1209 1042 1276 1097; x_wconf 90' lang='lat' dir='ltr'>ab</span> <span class='ocrx_word' id='word_1_75' title='bbox 1300 1046 1447 1098; x_wconf 90' lang='lat' dir='ltr'>omni</span> 
     </span>
    </p>

    <p class='ocr_par' dir='ltr' id='par_1_13' title="bbox 142 1116 1558 1193">
     <span class='ocr_line' id='line_1_13' title="bbox 142 1116 1558 1193; baseline 0.004 -22"><span class='ocrx_word' id='word_1_76' title='bbox 142 1134 244 1171; x_wconf 90' lang='lat' dir='ltr'>non</span> <span class='ocrx_word' id='word_1_77' title='bbox 265 1117 442 1172; x_wconf 91' lang='lat' dir='ltr'>solum</span> <span class='ocrx_word' id='word_1_78' title='bbox 462 1116 613 1181; x_wconf 81' lang='lat' dir='ltr'>facto,</span> <span class='ocrx_word' id='word_1_79' title='bbox 638 1135 828 1173; x_wconf 86' lang='lat' dir='ltr'>verum</span> <span class='ocrx_word' id='word_1_80' title='bbox 848 1119 1132 1190; x_wconf 88' lang='lat' dir='ltr'>opprobrio</span> <span class='ocrx_word' id='word_1_81' title='bbox 1152 1135 1369 1191; x_wconf 89' lang='lat' dir='ltr'>quoque</span> <span class='ocrx_word' id='word_1_82' title='bbox 1387 1122 1558 1193; x_wconf 76' lang='lat' dir='ltr'>turpi,</span> 
     </span>
    </p>

    <p class='ocr_par' dir='ltr' id='par_1_14' title="bbox 141 1193 1751 1265">
     <span class='ocr_line' id='line_1_14' title="bbox 141 1193 1751 1265; baseline 0.002 -18"><span class='ocrx_word' id='word_1_83' title='bbox 141 1210 235 1247; x_wconf 89' lang='lat' dir='ltr'>nec</span> <span class='ocrx_word' id='word_1_84' title='bbox 255 1193 451 1258; x_wconf 77' lang='lat' dir='ltr'>timuit,</span> <span class='ocrx_word' id='word_1_85' title='bbox 475 1194 582 1247; x_wconf 87' lang='lat' dir='ltr'>sibi</span> <span class='ocrx_word' id='word_1_86' title='bbox 603 1210 669 1247; x_wconf 87' lang='lat' dir='ltr'>ne</span> <span class='ocrx_word' id='word_1_87' title='bbox 690 1193 820 1248; x_wconf 85' lang='lat' dir='ltr'>vitio</span> <span class='ocrx_word' id='word_1_88' title='bbox 838 1194 962 1265; x_wconf 87' lang='lat' dir='ltr'>quis</span> <span class='ocrx_word' id='word_1_89' title='bbox 982 1202 1218 1258; x_wconf 76' lang='lat' dir='ltr'>verteret,</span> <span class='ocrx_word' id='word_1_90' title='bbox 1243 1193 1372 1250; x_wconf 88' lang='lat' dir='ltr'>olim</span> <span class='ocrx_word' id='word_1_91' title='bbox 1619 1213 1642 1224; x_wconf 53' lang='lat'>²</span> <span class='ocrx_word' id='word_1_92' title='bbox 1701 1209 1751 1250; x_wconf 78' lang='lat'>85</span> 
     </span>
    </p>

    <p class='ocr_par' dir='ltr' id='par_1_15' title="bbox 141 1268 1316 1341">
     <span class='ocr_line' id='line_1_15' title="bbox 141 1268 1316 1341; baseline 0.003 -20"><span class='ocrx_word' id='word_1_93' title='bbox 141 1269 186 1322; x_wconf 90' lang='lat' dir='ltr'>si</span> <span class='ocrx_word' id='word_1_94' title='bbox 206 1287 392 1341; x_wconf 83' lang='lat' dir='ltr'>praeco</span> <span class='ocrx_word' id='word_1_95' title='bbox 411 1286 604 1341; x_wconf 86' lang='lat' dir='ltr'>parvas</span> <span class='ocrx_word' id='word_1_96' title='bbox 623 1275 732 1334; x_wconf 87' lang='lat' dir='ltr'>aut,</span> <span class='ocrx_word' id='word_1_97' title='bbox 757 1275 818 1324; x_wconf 90' lang='lat' dir='ltr'>ut</span> <span class='ocrx_word' id='word_1_98' title='bbox 833 1268 935 1325; x_wconf 83' lang='lat' dir='ltr'>fuit</span> <span class='ocrx_word' id='word_1_99' title='bbox 959 1270 1091 1341; x_wconf 85' lang='lat' dir='ltr'>ipse,</span> <span class='ocrx_word' id='word_1_100' title='bbox 1114 1277 1316 1325; x_wconf 77' lang='lat' dir='ltr'>coactor</span> 
     </span>
    </p>

    <p class='ocr_par' dir='ltr' id='par_1_16' title="bbox 140 1345 1642 1475">
     <span class='ocr_line' id='line_1_16' title="bbox 140 1345 1642 1419; baseline 0.001 -20"><span class='ocrx_word' id='word_1_101' title='bbox 140 1345 404 1399; x_wconf 74' lang='lat' dir='ltr'>mercedes</span> <span class='ocrx_word' id='word_1_102' title='bbox 431 1362 705 1418; x_wconf 86' lang='lat' dir='ltr'>sequerer;</span> <span class='ocrx_word' id='word_1_103' title='bbox 756 1362 929 1417; x_wconf 88' lang='lat' dir='ltr'>neque</span> <span class='ocrx_word' id='word_1_104' title='bbox 965 1363 1066 1419; x_wconf 87' lang='lat' dir='ltr'>ego</span> <span class='ocrx_word' id='word_1_105' title='bbox 1092 1363 1263 1400; x_wconf 87' lang='lat' dir='ltr'>essem</span> <span class='ocrx_word' id='word_1_106' title='bbox 1302 1354 1548 1416; x_wconf 86' lang='lat' dir='ltr'>questus;</span> <span class='ocrx_word' id='word_1_107' title='bbox 1592 1356 1642 1400; x_wconf 87' lang='lat' dir='ltr'>at</span> 
     </span>
     <span class='ocr_line' id='line_1_17' title="bbox 1134 1421 1399 1475; baseline -0.008 0"><span class='ocrx_word' id='word_1_108' title='bbox 1134 1421 1234 1475; x_wconf 86' lang='lat' dir='ltr'>hoc</span> <span class='ocrx_word' id='word_1_109' title='bbox 1253 1436 1399 1474; x_wconf 87' lang='grc'><strong>1111110</strong></span> 
     </span>
    </p>

    <p class='ocr_par' dir='ltr' id='par_1_17' title="bbox 140 1495 1219 1569">
     <span class='ocr_line' id='line_1_18' title="bbox 140 1495 1219 1569; baseline -0.002 -20"><span class='ocrx_word' id='word_1_110' title='bbox 140 1495 255 1550; x_wconf 85' lang='lat' dir='ltr'>laus</span> <span class='ocrx_word' id='word_1_111' title='bbox 275 1495 356 1550; x_wconf 92' lang='lat' dir='ltr'>illi</span> <span class='ocrx_word' id='word_1_112' title='bbox 375 1496 597 1551; x_wconf 82' lang='lat' dir='ltr'>debetur</span> <span class='ocrx_word' id='word_1_113' title='bbox 616 1502 666 1550; x_wconf 82' lang='lat' dir='ltr'>et</span> <span class='ocrx_word' id='word_1_114' title='bbox 685 1514 712 1550; x_wconf 83' lang='lat' dir='ltr'>a</span> <span class='ocrx_word' id='word_1_115' title='bbox 736 1513 823 1551; x_wconf 86' lang='lat' dir='ltr'>me</span> <span class='ocrx_word' id='word_1_116' title='bbox 841 1496 1007 1569; x_wconf 84' lang='lat' dir='ltr'>gratia</span> <span class='ocrx_word' id='word_1_117' title='bbox 1031 1495 1219 1549; x_wconf 89' lang='lat' dir='ltr'>maior.</span> 
     </span>
    </p>

    <p class='ocr_par' dir='ltr' id='par_1_18' title="bbox 137 1570 1433 1644">
     <span class='ocr_line' id='line_1_19' title="bbox 137 1570 1433 1644; baseline -0.002 -18"><span class='ocrx_word' id='word_1_118' title='bbox 137 1572 223 1626; x_wconf 89' lang='lat' dir='ltr'>Nil</span> <span class='ocrx_word' id='word_1_119' title='bbox 245 1590 334 1627; x_wconf 89' lang='lat' dir='ltr'>me</span> <span class='ocrx_word' id='word_1_120' title='bbox 351 1572 612 1644; x_wconf 85' lang='lat' dir='ltr'>poeniteat</span> <span class='ocrx_word' id='word_1_121' title='bbox 629 1591 824 1629; x_wconf 85' lang='lat' dir='ltr'>sanum</span> <span class='ocrx_word' id='word_1_122' title='bbox 844 1571 1009 1644; x_wconf 84' lang='lat' dir='ltr'>patris</span> <span class='ocrx_word' id='word_1_123' title='bbox 1029 1570 1221 1638; x_wconf 85' lang='lat' dir='ltr'>huius;</span> <span class='ocrx_word' id='word_1_124' title='bbox 1265 1588 1433 1642; x_wconf 86' lang='lat' dir='ltr'>eoque</span> 
     </span>
    </p>

    <p class='ocr_par' dir='ltr' id='par_1_19' title="bbox 137 1646 1750 1720">
     <span class='ocr_line' id='line_1_20' title="bbox 137 1646 1750 1720; baseline -0.001 -19"><span class='ocrx_word' id='word_1_125' title='bbox 137 1665 263 1714; x_wconf 87' lang='lat' dir='ltr'>non,</span> <span class='ocrx_word' id='word_1_126' title='bbox 286 1656 348 1703; x_wconf 85' lang='lat' dir='ltr'>ut</span> <span class='ocrx_word' id='word_1_127' title='bbox 368 1666 564 1720; x_wconf 82' lang='lat' dir='ltr'>magna</span> <span class='ocrx_word' id='word_1_128' title='bbox 583 1647 703 1703; x_wconf 89' lang='lat' dir='ltr'>dolo</span> <span class='ocrx_word' id='word_1_129' title='bbox 728 1646 924 1703; x_wconf 78' lang='lat' dir='ltr'>factum</span> <span class='ocrx_word' id='word_1_130' title='bbox 944 1655 1104 1720; x_wconf 82' lang='lat' dir='ltr'>negat</span> <span class='ocrx_word' id='word_1_131' title='bbox 1119 1664 1234 1701; x_wconf 88' lang='lat' dir='ltr'>esse</span> <span class='ocrx_word' id='word_1_132' title='bbox 1251 1663 1350 1700; x_wconf 89' lang='lat' dir='ltr'>suo</span> <span class='ocrx_word' id='word_1_133' title='bbox 1371 1664 1510 1717; x_wconf 64' lang='lat' dir='ltr'>parsi,</span> <span class='ocrx_word' id='word_1_134' title='bbox 1699 1659 1750 1701; x_wconf 80' lang='grc'>91)</span> 
     </span>
    </p>

    <p class='ocr_par' dir='ltr' id='par_1_20' title="bbox 137 1723 1474 1796">
     <span class='ocr_line' id='line_1_21' title="bbox 137 1723 1474 1796; baseline -0.001 -18"><span class='ocrx_word' id='word_1_135' title='bbox 137 1723 283 1795; x_wconf 90' lang='lat' dir='ltr'>quod</span> <span class='ocrx_word' id='word_1_136' title='bbox 305 1741 413 1778; x_wconf 90' lang='lat' dir='ltr'>non</span> <span class='ocrx_word' id='word_1_137' title='bbox 435 1724 695 1796; x_wconf 84' lang='lat' dir='ltr'>ingenuos</span> <span class='ocrx_word' id='word_1_138' title='bbox 716 1724 905 1778; x_wconf 84' lang='lat' dir='ltr'>habeat</span> <span class='ocrx_word' id='word_1_139' title='bbox 922 1723 1198 1794; x_wconf 85' lang='lat' dir='ltr'>clarosque</span> <span class='ocrx_word' id='word_1_140' title='bbox 1217 1730 1474 1793; x_wconf 79' lang='lat' dir='ltr'>parentes,</span> 
     </span>
    </p>

    <p class='ocr_par' dir='ltr' id='par_1_21' title="bbox 136 1797 1450 1872">
     <span class='ocr_line' id='line_1_22' title="bbox 136 1797 1450 1872; baseline 0 -20"><span class='ocrx_word' id='word_1_141' title='bbox 136 1800 215 1853; x_wconf 87' lang='lat' dir='ltr'>sic</span> <span class='ocrx_word' id='word_1_142' title='bbox 238 1817 325 1854; x_wconf 89' lang='lat' dir='ltr'>me</span> <span class='ocrx_word' id='word_1_143' title='bbox 344 1797 641 1854; x_wconf 83' lang='lat' dir='ltr'><strong>defendam.</strong></span> <span class='ocrx_word' id='word_1_144' title='bbox 721 1801 901 1872; x_wconf 83' lang='lat' dir='ltr'>Longe</span> <span class='ocrx_word' id='word_1_145' title='bbox 918 1815 1037 1853; x_wconf 90' lang='lat' dir='ltr'>mea</span> <span class='ocrx_word' id='word_1_146' title='bbox 1057 1798 1314 1869; x_wconf 76' lang='lat' dir='ltr'>discrepat</span> <span class='ocrx_word' id='word_1_147' title='bbox 1336 1798 1450 1852; x_wconf 87' lang='lat' dir='ltr'>istis</span> 
     </span>
    </p>

    <p class='ocr_par' dir='ltr' id='par_1_22' title="bbox 135 1874 1268 1930">
     <span class='ocr_line' id='line_1_23' title="bbox 135 1874 1268 1930; baseline 0 -1"><span class='ocrx_word' id='word_1_148' title='bbox 135 1883 187 1929; x_wconf 84' lang='lat' dir='ltr'>et</span> <span class='ocrx_word' id='word_1_149' title='bbox 206 1893 313 1930; x_wconf 87' lang='lat' dir='ltr'>vox</span> <span class='ocrx_word' id='word_1_150' title='bbox 333 1883 384 1929; x_wconf 87' lang='lat' dir='ltr'>et</span> <span class='ocrx_word' id='word_1_151' title='bbox 404 1875 552 1930; x_wconf 88' lang='lat' dir='ltr'>ratio.</span> <span class='ocrx_word' id='word_1_152' title='bbox 631 1876 769 1930; x_wconf 92' lang='lat' dir='ltr'>Nam</span> <span class='ocrx_word' id='word_1_153' title='bbox 789 1876 835 1929; x_wconf 91' lang='lat' dir='ltr'>si</span> <span class='ocrx_word' id='word_1_154' title='bbox 856 1882 1043 1930; x_wconf 87' lang='lat' dir='ltr'>natura</span> <span class='ocrx_word' id='word_1_155' title='bbox 1066 1874 1268 1929; x_wconf 84' lang='lat' dir='ltr'>iuberet</span> 
     </span>
    </p>

    <p class='ocr_par' dir='ltr' id='par_1_23' title="bbox 135 1952 1297 2023">
     <span class='ocr_line' id='line_1_24' title="bbox 135 1952 1297 2023; baseline -0.001 -18"><span class='ocrx_word' id='word_1_156' title='bbox 135 1969 165 2005; x_wconf 88' lang='lat' dir='ltr'>a</span> <span class='ocrx_word' id='word_1_157' title='bbox 185 1952 343 2020; x_wconf 77' lang='lat' dir='ltr'>certis</span> <span class='ocrx_word' id='word_1_158' title='bbox 365 1952 520 2005; x_wconf 86' lang='lat' dir='ltr'>annis</span> <span class='ocrx_word' id='word_1_159' title='bbox 540 1968 732 2005; x_wconf 86' lang='lat' dir='ltr'>aevum</span> <span class='ocrx_word' id='word_1_160' title='bbox 759 1968 988 2006; x_wconf 87' lang='lat' dir='ltr'>remeare</span> <span class='ocrx_word' id='word_1_161' title='bbox 1006 1958 1297 2023; x_wconf 79' lang='lat' dir='ltr'>peractum,</span> 
     </span>
    </p>

    <p class='ocr_par' dir='ltr' id='par_1_24' title="bbox 136 2025 1749 2100">
     <span class='ocr_line' id='line_1_25' title="bbox 136 2025 1749 2100; baseline -0.002 -19"><span class='ocrx_word' id='word_1_162' title='bbox 136 2035 297 2100; x_wconf 87' lang='lat' dir='ltr'>atque</span> <span class='ocrx_word' id='word_1_163' title='bbox 316 2026 448 2082; x_wconf 87' lang='lat' dir='ltr'>alios</span> <span class='ocrx_word' id='word_1_164' title='bbox 470 2026 658 2099; x_wconf 80' lang='lat' dir='ltr'>legere,</span> <span class='ocrx_word' id='word_1_165' title='bbox 685 2025 752 2082; x_wconf 92' lang='lat' dir='ltr'>ad</span> <span class='ocrx_word' id='word_1_166' title='bbox 773 2026 968 2081; x_wconf 83' lang='lat' dir='ltr'>fastum</span> <span class='ocrx_word' id='word_1_167' title='bbox 988 2044 1358 2100; x_wconf 89' lang='lat' dir='ltr'>quoscumque</span> <span class='ocrx_word' id='word_1_168' title='bbox 1379 2032 1618 2097; x_wconf 81' lang='lat' dir='ltr'>parentes</span> <span class='ocrx_word' id='word_1_169' title='bbox 1699 2035 1749 2077; x_wconf 80' lang='lat'>95</span> 
     </span>
    </p>

    <p class='ocr_par' dir='ltr' id='par_1_25' title="bbox 133 2102 1550 2175">
     <span class='ocr_line' id='line_1_26' title="bbox 133 2102 1550 2175; baseline -0.002 -18"><span class='ocrx_word' id='word_1_170' title='bbox 133 2111 337 2174; x_wconf 84' lang='lat' dir='ltr'>optaret</span> <span class='ocrx_word' id='word_1_171' title='bbox 358 2102 460 2157; x_wconf 87' lang='lat' dir='ltr'>sihi</span> <span class='ocrx_word' id='word_1_172' title='bbox 482 2103 732 2175; x_wconf 84' lang='lat' dir='ltr'>quisque,</span> <span class='ocrx_word' id='word_1_173' title='bbox 757 2103 890 2156; x_wconf 90' lang='lat' dir='ltr'>meis</span> <span class='ocrx_word' id='word_1_174' title='bbox 911 2111 1186 2174; x_wconf 84' lang='lat' dir='ltr'>contentus</span> <span class='ocrx_word' id='word_1_175' title='bbox 1207 2104 1452 2157; x_wconf 88' lang='lat' dir='ltr'>honestos</span> <span class='ocrx_word' id='word_1_176' title='bbox 1547 2112 1550 2113; x_wconf 71' lang='grc'>’</span> 
     </span>
    </p>

    <p class='ocr_par' dir='ltr' id='par_1_26' title="bbox 132 2177 1471 2239">
     <span class='ocr_line' id='line_1_27' title="bbox 132 2177 1471 2239; baseline -0.004 -6"><span class='ocrx_word' id='word_1_177' title='bbox 132 2178 373 2233; x_wconf 83' lang='lat' dir='ltr'>fascibus</span> <span class='ocrx_word' id='word_1_178' title='bbox 394 2185 445 2232; x_wconf 86' lang='lat' dir='ltr'>et</span> <span class='ocrx_word' id='word_1_179' title='bbox 463 2178 607 2232; x_wconf 89' lang='lat' dir='ltr'>sellis</span> <span class='ocrx_word' id='word_1_180' title='bbox 628 2178 823 2233; x_wconf 87' lang='lat' dir='ltr'>nollem</span> <span class='ocrx_word' id='word_1_181' title='bbox 843 2180 980 2233; x_wconf 89' lang='lat' dir='ltr'>mihi</span> <span class='ocrx_word' id='word_1_182' title='bbox 1000 2196 1228 2239; x_wconf 84' lang='lat' dir='ltr'>sumere,</span> <span class='ocrx_word' id='word_1_183' title='bbox 1254 2177 1471 2231; x_wconf 88' lang='lat' dir='ltr'>demens</span> 
     </span>
    </p>

    <p class='ocr_par' dir='ltr' id='par_1_27' title="bbox 134 2252 1274 2326">
     <span class='ocr_line' id='line_1_28' title="bbox 134 2252 1274 2326; baseline -0.003 -18"><span class='ocrx_word' id='word_1_184' title='bbox 134 2255 337 2308; x_wconf 87' lang='lat' dir='ltr'>iudicio</span> <span class='ocrx_word' id='word_1_185' title='bbox 379 2253 549 2326; x_wconf 80' lang='lat' dir='ltr'>vulgi,</span> <span class='ocrx_word' id='word_1_186' title='bbox 573 2271 737 2309; x_wconf 87' lang='lat' dir='ltr'>sanus</span> <span class='ocrx_word' id='word_1_187' title='bbox 757 2253 974 2310; x_wconf 82' lang='lat' dir='ltr'>sortasse</span> <span class='ocrx_word' id='word_1_188' title='bbox 992 2262 1102 2316; x_wconf 81' lang='lat' dir='ltr'>tue,</span> <span class='ocrx_word' id='word_1_189' title='bbox 1127 2252 1274 2323; x_wconf 90' lang='lat' dir='ltr'>quod</span> 
     </span>
    </p>

    <p class='ocr_par' dir='ltr' id='par_1_28' title="bbox 131 2323 1644 2455">
     <span class='ocr_line' id='line_1_29' title="bbox 131 2323 1644 2402; baseline -0.005 -18"><span class='ocrx_word' id='word_1_190' title='bbox 131 2330 335 2385; x_wconf 89' lang='lat' dir='ltr'>nollem</span> <span class='ocrx_word' id='word_1_191' title='bbox 365 2346 523 2393; x_wconf 87' lang='grc'><strong>011113,</strong></span> <span class='ocrx_word' id='word_1_192' title='bbox 554 2329 699 2385; x_wconf 92' lang='lat' dir='ltr'>haud</span> <span class='ocrx_word' id='word_1_193' title='bbox 730 2347 993 2402; x_wconf 89' lang='lat' dir='ltr'>umquam</span> <span class='ocrx_word' id='word_1_194' title='bbox 1020 2328 1225 2390; x_wconf 77' lang='lat' dir='ltr'>solituS,</span> <span class='ocrx_word' id='word_1_195' title='bbox 1256 2332 1460 2397; x_wconf 82' lang='lat' dir='ltr'>portare</span> <span class='ocrx_word' id='word_1_196' title='bbox 1479 2323 1644 2378; x_wconf 88' lang='lat' dir='ltr'>mole-</span> 
     </span>
     <span class='ocr_line' id='line_1_30' title="bbox 1135 2409 1299 2455; baseline 0 -1"><span class='ocrx_word' id='word_1_197' title='bbox 1135 2409 1299 2455; x_wconf 87' lang='lat' dir='ltr'>stum.</span> 
     </span>
    </p>

    <p class='ocr_par' dir='ltr' id='par_1_29' title="bbox 133 2474 1751 2550">
     <span class='ocr_line' id='line_1_31' title="bbox 133 2474 1751 2550; baseline -0.006 -15"><span class='ocrx_word' id='word_1_198' title='bbox 133 2481 275 2535; x_wconf 89' lang='lat' dir='ltr'>Nam</span> <span class='ocrx_word' id='word_1_199' title='bbox 306 2479 445 2533; x_wconf 88' lang='lat' dir='ltr'>mihi</span> <span class='ocrx_word' id='word_1_200' title='bbox 466 2480 715 2536; x_wconf 80' lang='lat' dir='ltr'>continuo</span> <span class='ocrx_word' id='word_1_201' title='bbox 735 2480 904 2534; x_wconf 85' lang='lat' dir='ltr'>maior</span> <span class='ocrx_word' id='word_1_202' title='bbox 922 2476 1223 2550; x_wconf 87' lang='lat' dir='ltr'>quaerenda</span> <span class='ocrx_word' id='word_1_203' title='bbox 1243 2474 1372 2529; x_wconf 86' lang='lat' dir='ltr'>foret</span> <span class='ocrx_word' id='word_1_204' title='bbox 1391 2491 1490 2539; x_wconf 80' lang='grc'><strong>103,</strong></span> <span class='ocrx_word' id='word_1_205' title='bbox 1673 2485 1751 2526; x_wconf 83' lang='grc'>100</span> 
     </span>
    </p>

    <p class='ocr_par' dir='ltr' id='par_1_30' title="bbox 133 2553 1331 2627">
     <span class='ocr_line' id='line_1_32' title="bbox 133 2553 1331 2627; baseline -0.005 -18"><span class='ocrx_word' id='word_1_206' title='bbox 133 2564 298 2627; x_wconf 85' lang='lat' dir='ltr'>atque</span> <span class='ocrx_word' id='word_1_207' title='bbox 316 2554 583 2609; x_wconf 77' lang='lat' dir='ltr'>salutandi</span> <span class='ocrx_word' id='word_1_208' title='bbox 602 2555 801 2625; x_wconf 72' lang='lat' dir='ltr'>plures,</span> <span class='ocrx_word' id='word_1_209' title='bbox 826 2553 1101 2608; x_wconf 88' lang='lat' dir='ltr'>ducendus</span> <span class='ocrx_word' id='word_1_210' title='bbox 1118 2557 1168 2605; x_wconf 90' lang='lat' dir='ltr'>et</span> <span class='ocrx_word' id='word_1_211' title='bbox 1191 2568 1331 2605; x_wconf 87' lang='lat' dir='ltr'>unus</span> 
     </span>
    </p>

    <p class='ocr_par' dir='ltr' id='par_1_31' title="bbox 130 2628 1386 2700">
     <span class='ocr_line' id='line_1_33' title="bbox 130 2628 1386 2700; baseline -0.006 -14"><span class='ocrx_word' id='word_1_212' title='bbox 130 2638 184 2686; x_wconf 88' lang='lat' dir='ltr'>et</span> <span class='ocrx_word' id='word_1_213' title='bbox 203 2648 384 2686; x_wconf 86' lang='lat' dir='ltr'>comes</span> <span class='ocrx_word' id='word_1_214' title='bbox 406 2629 552 2694; x_wconf 84' lang='lat' dir='ltr'>alter,</span> <span class='ocrx_word' id='word_1_215' title='bbox 572 2631 648 2684; x_wconf 89' lang='lat' dir='ltr'>uti</span> <span class='ocrx_word' id='word_1_216' title='bbox 672 2648 737 2685; x_wconf 88' lang='lat' dir='ltr'>ne</span> <span class='ocrx_word' id='word_1_217' title='bbox 756 2628 901 2684; x_wconf 86' lang='lat' dir='ltr'>solus</span> <span class='ocrx_word' id='word_1_218' title='bbox 922 2645 1082 2682; x_wconf 85' lang='lat' dir='ltr'>rusve</span> <span class='ocrx_word' id='word_1_219' title='bbox 1106 2641 1386 2700; x_wconf 81' lang='lat' dir='ltr'>peregreve</span> 
     </span>
    </p>

    <p class='ocr_par' dir='ltr' id='par_1_32' title="bbox 130 2701 1206 2778">
     <span class='ocr_line' id='line_1_34' title="bbox 130 2701 1206 2778; baseline -0.006 -17"><span class='ocrx_word' id='word_1_220' title='bbox 130 2708 341 2762; x_wconf 85' lang='lat' dir='ltr'>exirem</span> <span class='ocrx_word' id='word_1_221' title='bbox 357 2710 374 2761; x_wconf 75' lang='grc' dir='ltr'>ε’</span> <span class='ocrx_word' id='word_1_222' title='bbox 410 2706 592 2778; x_wconf 83' lang='lat' dir='ltr'>plures</span> <span class='ocrx_word' id='word_1_223' title='bbox 613 2705 820 2760; x_wconf 87' lang='lat' dir='ltr'>calones</span> <span class='ocrx_word' id='word_1_224' title='bbox 838 2711 997 2775; x_wconf 83' lang='lat' dir='ltr'>atque</span> <span class='ocrx_word' id='word_1_225' title='bbox 1016 2701 1206 2756; x_wconf 87' lang='lat' dir='ltr'>caballi</span> 
     </span>
    </p>
   </div>
  </div>
 </body>
</html>
