2081 3169
562 210 703 256 ΜΒ.
744 211 788 255 1.
845 211 1088 257 EPIs'r.
1129 212 1195 259 v.
1527 207 1628 262 245

135 326 383 383 supremo
401 293 453 363 te
472 308 580 364 sole
599 310 763 375 domi,
782 311 1057 382 Torquate,
1080 311 1323 367 manebo,

135 389 271 444 Vina
289 386 459 450 bibes,
489 385 683 440 iterum
704 386 875 440 Tauro
896 384 1087 439 diffusa
1105 385 1363 457 palustres

134 464 270 519 inter
291 461 590 517 Minturnas
608 459 1099 533 Sinuessanumque
1116 460 1404 515 Petrinum.

134 539 228 593 Sin
251 535 444 590 melius
469 535 604 607 quid
622 535 804 600 habeS‚
829 553 1046 600 arcesse,
1071 533 1155 591 vel
1182 535 1464 606 imperium
1489 535 1584 590 fer.

133 611 458 669 Iamdudum
477 609 717 682 splendet
734 609 882 665 focus
903 619 953 665 et
971 611 1069 664 tibi
1089 610 1295 666 munda
1316 610 1576 682 supellex.

128 689 279 744 Mitte
299 685 440 740 leves
457 702 596 756 spes,
621 693 671 739 et
687 685 969 740 certamina
989 685 1315 751 divitiarum,

129 771 180 818 et
200 760 404 818 Moschi
423 777 658 815 causam.
738 760 865 816 Cras
883 767 1004 815 nato
1023 760 1241 816 Caesare
1258 760 1421 815 festus

128 839 223 894 dat
243 836 457 892 veniam
477 852 835 907 somnumque
854 835 993 890 dies:
1038 835 1258 907 impune
1278 835 1453 891 licebit

127 913 389 969 aestivam
409 927 649 965 sermone
672 911 906 985 benigno
926 909 1134 965 tendere
1159 920 1383 966 noctem.

127 990 252 1055 Quo
269 986 407 1040 mihi
428 984 712 1051 fortunam,
737 986 784 1038 si
805 1003 907 1040 non
932 986 1231 1040 conceditur
1251 986 1368 1041 uti‘?

125 1067 331 1119 Parcus
350 1062 419 1115 ob
440 1060 648 1113 heredis
671 1078 854 1114 curam
875 1060 1213 1134 nimiumque
1232 1079 1464 1128 severuS‚

125 1136 342 1195 adsidet
361 1135 574 1189 insano:
616 1142 794 1206 potare
812 1142 863 1189 et
881 1153 1126 1209 spargere
1142 1135 1292 1193 flores

124 1212 409 1283 incipiam,
435 1210 709 1281 patiarque
728 1209 811 1265 vel
835 1210 1163 1266 inconsultus
1184 1212 1386 1267 haberi.

124 1286 279 1357 Quid
297 1302 405 1340 non
424 1285 644 1339 ebrietas
664 1283 939 1358 designat?
974 1285 1164 1358 Operta
1187 1287 1423 1351 recludit,

125 1381 256 1437 spes
280 1361 428 1415 iubet
446 1377 560 1414 esse
579 1367 734 1425 rataS,
759 1360 825 1414 ad
844 1360 1042 1431 proelia
1062 1360 1227 1413 trudit
1246 1360 1463 1414 inertem
1480 1379 1491 1429 3

127 1436 378 1495 sollicitis
399 1435 593 1490 animis
613 1451 748 1490 onus
773 1435 978 1500 eximit,
1002 1434 1217 1489 addocet
1237 1442 1390 1488 artes.

126 1511 376 1570 Fecundi
396 1510 581 1565 calices
599 1528 763 1583 quem
789 1528 894 1564 non
915 1508 1078 1564 fecere
1103 1509 1397 1564 disertum?

129 1596 400 1646 contracta
421 1605 581 1658 quem
607 1603 710 1641 non
734 1587 790 1641 in
810 1593 1112 1658 paupertate
1128 1584 1358 1640 solutum
1370 1584 1398 1638 ⁶?

128 1668 274 1721 Haec
294 1680 394 1736 ego
414 1679 690 1732 procurare
708 1669 758 1716 et
776 1661 997 1716 idoneus
1022 1661 1250 1732 imperor
1266 1668 1316 1714 et
1335 1679 1440 1715 non

130 1740 364 1802 invituS,
389 1755 455 1792 ne
472 1745 626 1809 turpe
644 1736 792 1802 toral,
818 1754 885 1791 ne
903 1735 1112 1791 sordida
1135 1753 1327 1807 mappa

132 1821 386 1887 corruget
404 1830 582 1882 nares;
625 1829 693 1867 ne
711 1829 818 1868 non
838 1819 889 1866 et
905 1812 1188 1866 cantharus
1207 1819 1257 1866 et
1276 1810 1401 1867 lanx

131 1890 382 1946 ostendat
401 1888 497 1942 tibi
516 1895 592 1956 ως
630 1904 699 1942 ne
719 1886 852 1942 fidos
873 1886 1007 1941 inter
1028 1889 1224 1943 amicos

132 1967 227 2031 sit,
255 1964 355 2036 qui
375 1964 511 2017 dicta
531 1961 670 2018 foras
692 1960 955 2031 eliminet;
998 1970 1058 2018 ut
1073 1971 1225 2020 ¹coeat
1244 1983 1341 2037 par

134 2043 505 2114 iungaturque
524 2038 660 2110 pari.
737 2038 954 2094 Butram
972 2039 1070 2093 tibi
1094 2040 1488 2110 Septiciumque

133 2124 205 2183 et,
232 2115 342 2170 nisi
364 2131 522 2168 coena
542 2112 686 2185 prior
703 2113 978 2186 potiorque
995 2114 1171 2185 puella
1192 2114 1449 2168 Sabinum

134 2192 358 2253 detinet,
384 2188 691 2257 adsumam
733 2188 878 2244 locus
898 2195 977 2242 est
994 2197 1044 2242 et
1061 2187 1307 2260 pluribus
1332 2185 1557 2250 umbris,

135 2267 238 2321 sed
258 2260 426 2320 nim’is
446 2271 555 2318 arta
574 2270 824 2336 premunt
842 2262 1012 2319 olidae
1030 2260 1273 2316 convivia
1294 2277 1496 2329 caprae.

136 2342 243 2407 Tu,
270 2347 469 2412 quotus
489 2356 604 2394 esse
631 2338 778 2405 velis,
802 2337 1048 2405 rescribe,
1074 2344 1125 2390 et
1141 2336 1299 2389 rebus
1322 2334 1534 2388 omissis

135 2416 277 2472 atria
296 2421 597 2491 servantem
622 2415 821 2488 postico
840 2411 961 2468 falle
978 2411 1217 2467 clientem
1229 2450 1241 2464 .

1711 472 1736 515 5

1687 846 1739 888 10

1691 1223 1742 1264 15

1696 1597 1747 1639 20

1695 1972 1746 2014 25

1700 2341 1752 2383 30
