2081 3169
428 196 493 247 88
970 199 1371 246 ODARUM

503 300 609 353 iam
634 299 809 353 virum
825 307 1082 370 expertae,
1106 299 1242 354 male
1265 302 1511 355 ominatis

651 374 845 444 parcite
873 375 1068 429 verbiS.

504 466 602 519 Hic
618 465 731 519 dies
750 482 871 520 vere
891 465 1024 519 mihi
1043 465 1207 520 festus
1224 474 1360 520 atras

505 540 698 595 eximet
716 558 895 594 curas:
937 558 1033 612 ego
1054 558 1151 594 nec
1168 540 1474 604 tumultum,

321 626 373 667 15
507 632 602 670 nec
621 615 754 670 mori
772 632 864 685 per
881 614 994 669 vim
1016 623 1266 680 metuam,
1288 624 1493 670 tenente

601 689 606 693 ’
653 689 868 744 Caesare
893 697 1075 743 terras,

504 782 545 844 1,
567 788 683 851 pete
704 787 1056 853 unguentum,
1079 797 1228 850 puer,
1249 788 1300 834 et
1318 798 1549 845 coronam,

505 862 555 907 et
572 854 762 908 cadum
781 855 939 910 Marsi
961 872 1247 909 memorem
1267 855 1428 909 duelli
1445 875 1456 922 3

504 927 812 999 Spartacum
832 930 879 983 si
902 948 1009 1001 qua
1027 931 1197 1001 potuit
1217 938 1493 1003 vagantem

321 1012 373 1056 20
654 1002 833 1058 fallere
849 1012 997 1059 testa.
1506 1022 1509 1025 “

504 1093 599 1147 Dic
615 1101 665 1148 et
683 1103 897 1168 argutae
916 1103 1156 1166 properet
1175 1097 1399 1150 Neaerae

505 1169 815 1241 myrrheum
835 1169 971 1224 nodo
989 1170 1231 1224 cohibere
1248 1171 1467 1224 crinem.

503 1240 559 1296 Si
579 1259 673 1314 per
691 1243 929 1298 invisum
949 1261 1096 1298 mora
1117 1245 1387 1299 ianitorem

655 1317 759 1382 fiet,
789 1318 947 1373 abito.

321 1417 373 1460 25
504 1409 657 1463 Lenit
672 1408 939 1464 albescens
958 1410 1164 1464 animos
1184 1408 1406 1480 capillus

506 1481 680 1538 litium
700 1491 750 1538 et
767 1484 911 1538 rixae
928 1484 1147 1555 cupidos
1165 1492 1452 1555 protervae.

505 1558 622 1614 Non
643 1575 739 1632 ego
760 1558 859 1614 hoc
876 1557 1084 1625 ferrem,
1110 1559 1314 1614 calidus
1332 1558 1562 1622 iuventa,

653 1634 866 1689 consule
885 1633 1096 1690 Planco.

895 1890 1181 1946 ODE
1298 1890 1459 1945 XV.

758 2008 879 2053 IN
990 2007 1589 2051 cunoulm.

630 2212 776 2250 Suadet
795 2212 848 2257 ei,
866 2215 1026 2251 tandem
1044 2220 1089 2249 ut
1109 2212 1263 2250 desinat
1283 2211 1482 2250 lascivire.
1530 2213 1653 2250 Metr.
1676 2214 1727 2250 V.

504 2301 665 2367 Uxor
681 2312 928 2385 pauperis
946 2312 1113 2386 Ibyci,

581 2387 792 2441 tandem
811 2387 1077 2459 nequitiae
1093 2387 1197 2460 fige
1214 2385 1431 2442 modum
1451 2392 1570 2440 tuae

504 2460 827 2533 famosisque
846 2462 1141 2516 laboribus:

580 2543 786 2591 maturo
801 2536 1012 2609 propior
1029 2535 1211 2591 desine
1227 2534 1407 2590 funeri

325 2619 350 2663 5
506 2611 641 2666 inter
659 2609 838 2665 ludere
858 2612 1111 2685 virginee»,

581 2692 631 2739 et
649 2684 813 2739 stellis
833 2685 1082 2741 nebulam
1102 2703 1345 2759 spargere
1363 2682 1622 2740 candidis.
