2081 3169
432 228 534 284 2⁴0
936 226 1415 275 sATYRARUM

327 345 406 390 135
432 351 527 388 »ac
544 348 647 386 non
668 338 785 385 ante
806 328 960 384 malis
979 329 1272 383 dementem
1294 334 1467 381 actum
1487 327 1681 392 Furiis»,
1707 344 1882 399 quam

437 409 525 461 »in
549 408 731 460 matris
754 404 936 477 iugulo
954 404 1153 458 ferrum
1171 401 1404 474 tepefecit
1427 401 1676 456 acutum?

438 482 632 548 »Quin,
647 500 711 534 ex
732 497 839 551 quo
858 487 934 533 est
953 480 1167 533 habitus
1187 477 1325 532 male
1342 484 1480 531 tutae
1498 478 1687 531 mentis
1698 476 1929 543 OrestOE‚

440 556 550 612 »nil
572 574 698 610 sane
723 554 858 620 fecit,
884 554 1029 626 quod
1049 561 1106 606 tu
1128 551 1501 625 reprehendere
1518 553 1716 623 possis:

441 649 581 686 »non
607 629 838 705 Pyladen
858 629 992 684 ferro
1015 627 1207 683 violare
1231 645 1462 681 aususve
1479 644 1712 681 sororem
1733 636 1818 680 est

331 715 410 760 14⁰
437 707 757 761 »Electram:
781 712 985 759 tantum
1004 703 1269 757 maledicit
1287 703 1516 773 utrique,
1544 701 1782 756 vocando

440 782 615 836 »hanc
638 780 881 843 Furiam,
915 780 1062 832 hunc
1088 777 1259 842 aliud,
1303 777 1455 832 iussit
1482 776 1626 904 {Juod
1653 776 1938 847 splendida

1425 851 1480 905 bi
1505 851 1568 904 ie.

441 931 679 1000 »Pauper
703 927 948 1000 Opimius
969 927 1169 999 argenti
1189 926 1342 997 positi
1365 927 1507 980 intus
1531 933 1580 979 et
1600 926 1737 990 auri,

440 1006 573 1075 »qui
596 1004 939 1059 Veientanum
957 1000 1102 1055 festis
1121 1009 1298 1072 potare
1321 1000 1508 1054 diebus

442 1079 741 1148 »Campana
762 1077 947 1130 solitus
966 1075 1142 1139 trulla,
1167 1091 1499 1146 vappamque
1518 1073 1775 1143 profestis,

333 1161 411 1207 145
438 1152 741 1223 »quondam
763 1150 927 1205 lethar
963 1168 994 1204 0
1018 1148 1207 1223 grandi
1225 1158 1304 1202 est
1320 1165 1617 1220 oppressuS‚
1643 1156 1703 1201 ut
1723 1148 1878 1203 herae

442 1228 585 1281 »iam
606 1226 804 1279 circum
826 1225 940 1280 locu
963 1243 1022 1280 os
1038 1232 1090 1279 et
1107 1223 1282 1279 claves
1306 1222 1469 1278 laetus
1494 1239 1766 1293 ovansque

443 1308 723 1356 »curreret
804 1301 955 1354 Hunc
982 1298 1219 1354 medicus
1255 1298 1507 1425 multuml
1521 1295 1653 1350 celer
1682 1305 1844 1369 atque
1875 1297 1940 1351 fi-

1424 1372 1490 1426 de
1513 1372 1557 1425 is

442 1451 669 1504 »excitat
686 1449 784 1503 hoc
803 1456 975 1520 pacto:
1020 1465 1258 1502 mensam
1278 1447 1404 1518 poni
1428 1447 1589 1509 iubet,
1614 1453 1773 1517 atque

443 1524 676 1579 »effundi
696 1540 870 1578 saccos
889 1539 1249 1588 nummorum,
1274 1521 1511 1575 accedere
1529 1520 1708 1592 plures

336 1611 414 1653 150
439 1599 542 1654 »ad
578 1599 962 1654 numerandum
981 1617 992 1665 3
1053 1598 1322 1652 hominem
1356 1597 1433 1650 sic
1469 1596 1646 1724 iii-igin
1701 1596 1855 1652 addit
1893 1607 1945 1653 et

1429 1671 1466 1724 il
1488 1671 1588 1724 ud:

444 1768 497 1800 m>
507 1749 574 1802 Ni
593 1756 682 1801 tua
702 1746 949 1810 custodie,
974 1746 1165 1800 avidus
1184 1748 1290 1801 iam
1311 1745 1439 1801 haec
1456 1744 1650 1801 auferet
1667 1744 1841 1798 heres,

443 1829 540 1878 »Μ
571 1824 704 1878 Men’
735 1821 895 1877 vivo‘?
931 1826 965 1875 ‘ff
985 1821 1052 1874 Ut
1072 1821 1223 1876 vivas
1253 1821 1435 1894 igitur,
1457 1820 1646 1893 vigila:
1689 1820 1791 1873 hoc
1810 1823 1938 1893 age!

1429 1901 1463 1950 ἵ
1481 1893 1623 1960 Quid
1641 1893 1761 1949 vis‘?

447 1976 544 2025 »Μ
564 1969 811 2024 Deficient
835 1971 1043 2040 inopem
1066 1987 1230 2024 venae
1247 1977 1314 2034 te,
1338 1971 1396 2023 ni
1414 1970 1564 2024 cibus
1590 1978 1748 2041 atque

448 2064 499 2095 m>
511 2045 697 2117 ingens
717 2044 910 2099 aceedit
930 2044 1197 2098 stomacho
1214 2043 1411 2098 fultura
1440 2045 1630 2098 ruenti.

336 2132 415 2174 155
442 2138 494 2170 »»
506 2120 586 2173 Tu
617 2119 822 2173 cessas?
860 2119 1121 2192 Agedum,
1158 2136 1311 2173 sume
1330 2119 1429 2174 hoc
1446 2119 1794 2189 ptisanarium
1815 2136 1948 2193 ory-

1430 2195 1544 2247 zae!

448 2273 545 2321 »NJ
558 2268 750 2333 Quanti
771 2267 971 2321 emtae‘l
1007 2273 1042 2321 'a‘
1051 2268 1237 2323 Parvo.
1268 2274 1301 2323 ἵ
1311 2267 1502 2333 Quanti
1521 2267 1678 2340 ergo‘?
1706 2274 1738 2321 Ἰ
1748 2267 1949 2323 Octus—

1430 2343 1599 2396 sibus.
1620 2348 1653 2397 51
1664 2344 1775 2395 Heu
1784 2385 1796 2406 ‚
1812 2344 1923 2397 heu
1932 2387 1944 2408 ,

449 2434 501 2466 m>
511 2414 643 2486 quid
664 2414 832 2479 refert,
857 2415 1040 2469 morbo
1057 2433 1124 2470 an
1144 2416 1296 2470 furtis
1321 2434 1593 2486 pereamve
1614 2417 1921 2487 rapinis?««

448 2496 518 2545 »ἵ
525 2490 784 2554 Quisnam
804 2490 965 2561 igitur
985 2491 1185 2544 sanus?
1208 2497 1242 2545 'a‘
1262 2491 1365 2556 Qui
1386 2509 1490 2546 non
1512 2491 1723 2546 stultus.
1752 2499 1789 2546 Ἰ
1799 2492 1950 2557 Quid

1434 2565 1661 2619 avarus?

450 2642 520 2691 »Ἴ
539 2635 741 2691 Stultus
761 2644 811 2690 et
828 2640 1069 2692 insanus.
1149 2644 1182 2693 ‘J
1203 2638 1361 2703 Quid,
1387 2640 1578 2710 siquis
1604 2658 1710 2696 non
1730 2642 1803 2696 sit
1824 2660 1955 2698 ava-

1435 2729 1547 2781 rus,

298 2796 449 2887 “NL
