2081 3169
413 192 516 249 248
880 198 1442 248 EPls'roLARIm

416 300 539 354 »oui
560 295 714 365 volet,
739 299 1077 373 importunus
1096 301 1248 356 ebur.
1262 320 1289 354 «t
1360 301 1559 366 Frater,
1581 305 1730 372 pater
1749 301 1915 374 adde3

305 383 359 428 55
414 381 475 428 ut
493 373 688 446 cuique
706 383 785 431 eet
803 383 960 442 aetas,
986 377 1057 431 ita
1075 394 1346 449 quemque
1370 374 1566 431 facetus
1590 376 1801 448 adopta.

416 448 493 514 Si,
516 449 651 504 bene
670 452 767 523 qui
785 458 982 517 coenat,
1003 452 1139 508 bene
1159 451 1318 508 vivit:
1363 450 1516 517 lucet,
1540 468 1727 506 eamus

491 541 523 579 o
542 523 696 580 ducet
711 526 865 600 gula;
904 528 1191 599 pisoemur,
1215 544 1489 592 venemur,
1519 534 1580 582 ut
1596 526 1728 582 olim

413 541 704 673 gargilius,
727 601 824 673 qui
844 619 999 657 mane
1021 601 1224 676 plagas,
1250 601 1529 668 venabula,
1559 620 1741 657 servos

417 673 683 731 differtum
704 678 927 733 transire
945 676 1120 733 forum
1138 677 1507 750 populumque
1527 678 1757 741 iubebat,

308 757 361 802 60
418 766 562 805 unus
581 758 642 806 ut
658 768 688 807 e
706 751 890 807 multis
907 752 1105 825 populo
1123 760 1384 825 spectante
1406 752 1614 808 referret

415 832 617 880 emtum
638 826 820 882 mulus
838 845 1048 899 aprum.
1128 828 1292 884 Crudi
1320 829 1622 900 tumidique
1649 828 1915 896 lavemur,

455 900 550 955 uid
569 901 762 967 deceat,
786 903 920 975 quid
940 920 1066 969 non,
1089 903 1257 968 obliti,
1281 903 1482 959 Caerite
1501 920 1618 959 cera

415 918 585 1049 gigni,
611 978 896 1050 remigium
917 979 1167 1034 vitiosum
1193 979 1478 1035 Ithacensis
1506 979 1695 1045 Ulixei,

416 1052 503 1105 cui
522 1051 690 1123 potior
708 1053 874 1123 patria
896 1052 997 1109 fuit
1014 1054 1287 1109 interdicta
1312 1054 1575 1127 voluptas.

308 1134 359 1178 65
416 1125 491 1192 Si,
515 1126 867 1183 Mimnermus
886 1129 966 1183 uti
985 1137 1176 1194 censet,
1203 1130 1318 1184 sine
1336 1148 1513 1185 amore
1531 1130 1764 1202 iocisque

416 1199 494 1255 nil
514 1207 593 1255 est
611 1201 926 1269 iucundum,
952 1205 1104 1260 vivas
1125 1205 1179 1259 in
1201 1222 1376 1261 amore
1395 1206 1645 1278 iocisque.

417 1276 566 1342 Vive,
592 1276 735 1332 valel
777 1278 833 1333 Si
854 1279 988 1352 quid
1009 1280 1203 1335 novisti
1230 1281 1421 1336 rectius
1441 1282 1570 1345 istis,

416 1351 675 1408 candidus
697 1353 932 1426 imperti3
975 1355 1024 1410 si
1045 1373 1171 1422 non,
1200 1355 1286 1411 his
1305 1364 1452 1413 utere
1469 1373 1698 1411 mecum.

700 1551 1355 1616 EPISTULA
1433 1549 1631 1614 vll.

476 1674 572 1717 an
633 1674 875 1721 caum
934 1677 1253 1722 <nmmum
1317 1676 1862 1721 MAECENATEM.

487 1881 594 1921 Ruri
614 1883 757 1932 degen-
778 1889 817 1922 εἰ
835 1897 857 1923 a
872 1884 1109 1925 Maecenate
1125 1883 1388 1929 desideratus,
1406 1897 1449 1922 se
1467 1883 1532 1923 illi
1553 1892 1732 1931 exeunt,
1752 1892 1792 1924 et
1812 1894 1929 1935 grata

418 1944 703 1985 beneficiorum
724 1946 808 1985 eiu·
826 1948 1032 1986 mentione
1046 1948 1168 1994 facta,
1187 1954 1324 1999 aperte
1341 1953 1474 1987 tanen
1494 1947 1725 1998 pmfltetur‚
1745 1949 1924 1988 liberum

418 2010 545 2048 otium
564 2010 643 2049 sibi
662 2017 821 2062 praeter
838 2009 917 2049 alia
936 2010 1070 2050 omnia
1088 2010 1355 2062 expetendum
1372 2010 1519 2050 videri.

496 2100 763 2186 Quinque
783 2111 897 2169 dies
913 2113 1012 2169 tibi
1030 2112 1295 2186 pollicitus
1315 2130 1402 2168 me
1419 2128 1541 2168 rure
1558 2110 1824 2180 futurum,

417 2186 668 2243 Sextilem
688 2196 857 2244 totum
875 2189 1108 2245 mendax
1125 2188 1410 2244 desideror.
1488 2188 1655 2261 Atqui

419 2263 467 2317 si
487 2280 573 2318 me
591 2264 771 2320 vivere
788 2265 873 2321 vis
892 2272 1137 2339 recteque
1155 2264 1335 2320 videre
1352 2263 1633 2329 valentem,

421 2356 585 2410 quam
609 2339 744 2394 mihi
764 2339 859 2395 das
879 2358 1053 2415 aegro,
1083 2340 1235 2395 dabis
1256 2347 1523 2413 aegrotare
1539 2339 1769 2407 timenti,

309 2423 335 2468 5
419 2414 706 2480 Maecenas,
730 2415 962 2481 veniam,
985 2415 1118 2471 dum
1140 2416 1273 2471 ficus
1291 2415 1465 2487 prima
1488 2414 1741 2489 calorque

419 2487 803 2561 designatorem
823 2490 1029 2546 decorat
1050 2490 1323 2546 lictoribus
1341 2489 1489 2555 atris,

419 2561 552 2616 dum
574 2564 752 2632 pueris
768 2565 943 2619 omnis
961 2572 1107 2636 pater
1125 2572 1177 2619 et
1194 2564 1476 2620 matercula
1498 2563 1678 2636 pallet,

419 2635 757 2706 officiosaque
775 2638 1027 2694 sedulitas
1047 2648 1097 2694 et
1120 2640 1288 2711 opella
1307 2639 1530 2696 sorensis

423 2707 637 2761 adducit
654 2708 823 2765 febres
842 2721 893 2766 et
912 2720 1216 2771 testamenta
1237 2716 1489 2789 resignat.

464 2912 501 2973 ,ἢ

496 2980 539 3051 'k
