2081 3169
579 240 722 285 LIB.
762 240 805 286 Ι.
868 242 1032 286 SAT.
1074 242 1235 290 VIII.
1556 240 1653 292 {89

154 356 351 414 aggere
371 338 429 393 in
449 340 625 411 aprico
645 341 876 411 spatiari,
899 358 1005 412 quo
1023 342 1179 395 modo
1198 344 1370 398 tristes
1710 358 1762 400 15

157 416 297 471 albis
317 413 595 469 informem
615 416 915 485 spectabant
933 416 1145 471 ossibus
1165 435 1379 490 agrum3

157 507 334 562 quum
352 490 488 543 mihi
513 507 618 545 non
646 498 849 544 tantum
868 490 1117 563 furesque
1136 491 1395 565 feraeque,
1425 496 1621 549 suetae-

155 566 306 619 hunc
325 582 514 619 vexare
534 565 726 631 locum,
751 583 906 621 curae
914 574 1051 634 sunt
1068 574 1226 639 atque
1245 567 1437 633 labori,

157 647 423 712 quantum
444 641 768 695 carminibus
787 659 924 713 quae
943 650 1153 697 versant
1172 650 1329 715 atque
1349 646 1565 698 venenis

157 716 424 770 humanos
445 716 674 770 animos:
718 716 816 770 has
837 716 984 771 nullo
1001 718 1218 788 perdere
1237 736 1456 790 possum
1704 732 1755 774 20

158 808 254 845 neo
271 790 551 862 prohibere
572 790 744 857 modo,
774 792 936 845 simul
957 809 1016 845 ac
1032 810 1168 865 vaga
1189 793 1315 847 luna
1335 794 1582 849 decorum

155 865 377 937 protulit
394 883 472 931 OS,
497 867 630 938 quin
651 883 766 920 ossa
788 866 961 940 legant
983 868 1276 940 herbasque
1297 877 1557 924 nocenteS.

156 941 279 997 Vidi
304 948 508 1015 egomet
528 943 680 1014 nigra
704 943 1022 997 succinctam
1044 943 1229 997 vadere
1251 944 1389 1014 palla

156 1016 455 1081 Canidiam,
482 1017 706 1087 pedibus
728 1017 886 1071 nudis
905 1034 1166 1089 passoque
1185 1018 1389 1089 capillo,

155 1110 280 1147 cum
306 1092 512 1165 Sagana
533 1091 728 1146 maiore
744 1092 1057 1147 ululantem.
1136 1094 1304 1148 Pallor
1332 1102 1581 1167 utrasque

156 1168 343 1223 fecerat
362 1167 648 1222 horrendas
665 1167 931 1239 adspectu.
1009 1167 1247 1241 Scalpere
1267 1177 1456 1224 terram

158 1243 434 1317 unguibus
454 1250 503 1297 et
516 1242 723 1313 pullam
742 1242 988 1297 divellere
1003 1245 1268 1299 mordicus
1289 1264 1482 1317 agnam

154 1325 464 1390 coeperunt:
512 1335 665 1372 cruor
684 1319 740 1372 in
759 1318 951 1373 fossam
971 1318 1239 1383 confusuS,
1263 1328 1324 1373 ut
1345 1321 1465 1374 inde

153 1396 337 1450 Manes
356 1393 599 1447 elicerent
617 1394 819 1447 animas
838 1412 1087 1466 responsa
1106 1394 1337 1448 daturas.

152 1473 329 1525 Lanea
350 1476 401 1523 et
419 1467 619 1542 effigies
638 1469 761 1534 erat,
786 1468 943 1523 altera
962 1487 1106 1523 cerea
1122 1489 1134 1522 :
1176 1468 1343 1522 maior
1700 1481 1750 1520 30

155 1547 323 1612 lanea,
350 1555 489 1617 quae
505 1544 689 1616 poenis
708 1551 1054 1616 compesceret
1080 1541 1398 1598 inferiorem.

151 1624 311 1678 Cerea
332 1620 640 1692 suppliciter
657 1621 843 1685 stabat,
868 1618 1151 1675 servilibus
1171 1626 1231 1673 ut
1250 1636 1385 1689 quae

150 1700 256 1752 iam
276 1698 509 1769 peritura
528 1695 719 1749 modiS.
797 1697 1017 1749 Hecaten
1039 1700 1187 1748 vocat
1205 1693 1378 1758 altera,
1409 1713 1616 1750 saevam

149 1774 308 1827 altera
330 1771 648 1842 Tisiphonen
661 1812 672 1823 .
750 1769 1023 1842 Serpentes
1044 1776 1199 1841 atque
1219 1769 1421 1824 videres

149 1847 383 1903 infernas
401 1864 570 1899 errare
599 1863 770 1910 caneS‚
798 1845 1087 1917 lunamque
1105 1845 1396 1910 rubentem,

147 1942 213 1978 ne
231 1923 367 1977 foret
385 1921 470 1974 his
490 1921 652 1986 testie,
678 1928 796 1992 post
813 1939 1005 1993 magna
1028 1921 1184 1975 latere
1202 1920 1460 1992 sepulcra.

146 1999 375 2053 Mentior
394 2003 447 2050 at
465 1996 510 2049 si
529 1996 680 2067 quid,
706 1995 901 2049 merdis
921 2003 1079 2068 caput
1097 1997 1346 2068 inquiner
1365 1997 1500 2051 albis

144 2089 447 2134 corvorum,
473 2078 628 2142 atque
645 2072 701 2125 in
723 2089 809 2124 me
827 2071 1000 2125 veniat
1020 2073 1239 2125 mictum
1266 2080 1421 2143 atque
1439 2079 1672 2125 cacatum

145 2148 316 2202 Iulius
338 2155 390 2200 et
408 2145 611 2217 fragilis
632 2145 859 2199 Pediatia
879 2145 1072 2218 furque
1089 2147 1349 2201 VoranuS.

143 2222 370 2296 Singula
391 2221 524 2292 quid
542 2219 863 2274 memorem?
898 2238 1006 2292 quo
1030 2227 1179 2291 pacto
1198 2219 1392 2273 alterna
1420 2219 1639 2290 loquen-

1137 2301 1214 2346 tes
1694 2300 1746 2346 40

141 2372 368 2427 umbrae
385 2387 509 2423 cum
530 2369 733 2442 Sagana
754 2369 1044 2423 resonarint
1063 2368 1204 2422 triste
1224 2375 1273 2421 et
1292 2376 1523 2433 acutum,

142 2454 312 2518 utque
333 2445 447 2514 lupi
468 2445 688 2498 barbam
712 2445 885 2499 variae
904 2462 1027 2498 cum
1048 2443 1200 2497 dente
1220 2442 1464 2497 colubrae

141 2520 446 2576 abdiderint
461 2518 644 2573 furtim
662 2521 832 2583 terris,
857 2526 908 2573 et
928 2518 1160 2591 imagine
1184 2535 1328 2572 cerea

141 2596 340 2669 largior
360 2595 546 2648 arserit
568 2595 726 2667 ignis,
749 2602 800 2649 et
826 2601 903 2659 ut,
926 2612 1030 2648 non
1054 2593 1197 2646 testis
1215 2593 1435 2655 inultus,

137 2670 442 2726 horruerim
463 2687 617 2724 voces
635 2670 919 2724 Furiarum
939 2677 988 2723 et
1006 2668 1136 2723 facta
1158 2669 1407 2723 duarum.
1695 2674 1747 2720 45

138 2749 300 2810 Nam,
328 2744 562 2817 displosa
581 2753 733 2801 sonat
752 2752 1013 2819 quantum
1033 2744 1221 2811 vesica,
1238 2744 1444 2817 pepedi,
