2081 3169
471 636 815 699 NOTAE
887 643 1401 713 CRlTchE.

172 909 428 952 VODARUM
462 916 497 959 1,
525 922 564 960 l,
582 930 622 954 v,
643 923 702 957 13.
747 922 819 959 ΑΙ.
847 923 914 959 de-

128 969 302 993 moveas.
321 979 370 986 -—
388 962 436 996 V.
456 965 516 1000 17.
552 964 632 1001 Pro
661 979 781 1012 rura,
809 972 916 1019 quod

125 1002 225 1040 libri
246 1017 382 1041 omnes
399 1005 565 1054 habent,
585 1011 798 1051 Acidalius
818 1030 912 1054 con-

124 1050 278 1087 iecerat
313 1058 400 1087 tuta
411 1079 425 1096 ‚
465 1056 559 1103 quia
594 1057 670 1095 sibi
708 1067 746 1097 et
782 1061 911 1110 ipsum

122 1102 387 1135 mercatorem
406 1100 624 1141 luctantem
643 1105 912 1158 iactatumque

124 1142 342 1189 cogitarat,
363 1146 457 1182 dum
477 1147 602 1187 otium
621 1152 814 1192 laudaret.
850 1156 909 1194 At

120 1201 219 1225 vcro
254 1188 325 1226 hic
361 1199 535 1229 metuens
569 1206 764 1236 mercator
802 1202 908 1239 domi

119 1234 271 1289 metuit
315 1242 373 1291 et,
387 1241 524 1286 paullo
568 1250 659 1280 ante
704 1254 906 1295 expertus,

120 1294 235 1318 nunc
256 1295 299 1319 m
318 1289 399 1320 otio
419 1286 561 1334 degens
582 1296 621 1326 et
639 1304 730 1329 rure
748 1294 906 1338 vivens,

119 1340 362 1377 quamquam
373 1343 466 1368 mox
479 1334 609 1371 denuo
620 1337 801 1385 pericula
821 1341 906 1377 sdi-

115 1381 252 1411 turus.
304 1375 440 1422 Quare
464 1383 612 1418 tuenda
639 1384 820 1421 codicum
846 1388 905 1424 le-

118 1420 225 1457 ctio:
255 1433 367 1458 rura.
388 1444 437 1452 —
453 1426 504 1462 V.
531 1430 592 1465 29.
627 1431 723 1468 Non
750 1437 906 1479 poterat

113 1466 188 1503 hic
208 1466 292 1504 dici
307 1472 517 1509 Maecenas
535 1474 584 1511 ob
601 1476 822 1514 doctrinam
837 1492 900 1516 so-

115 1515 324 1551 lummodo
341 1518 392 1553 ad
408 1517 613 1566 dignitatis
632 1535 724 1559 suae
742 1525 903 1571 gradum

115 1566 281 1598 evectus
317 1574 413 1601 csse.
486 1566 621 1613 Quare
666 1582 756 1607 cum
799 1584 901 1608 reoc-

110 1607 300 1656 praesero
324 1611 433 1658 vulg.
459 1614 534 1649 Me
558 1616 825 1655 emendationi
850 1620 904 1655 Te

111 1653 326 1691 doctarum
344 1662 419 1694 etc.
448 1661 694 1699 Sententiam
711 1665 818 1718 quod
841 1671 901 1718 at-

107 1699 236 1744 tinet,
255 1701 314 1737 sit
331 1709 463 1751 poeta,
483 1720 524 1743 se
542 1707 585 1744 in
606 1709 788 1747 doctrina
800 1717 841 1747 et
858 1725 899 1748 m

111 1746 362 1785 carminibus
383 1753 606 1806 pangendis
633 1756 811 1793 studium
827 1770 900 1805 po-

107 1806 234 1837 nere,
256 1799 296 1830 et
314 1794 466 1834 idcirco
484 1811 507 1835 a
526 1800 693 1838 summis·
715 1802 759 1840 in
779 1816 898 1852 repu-

105 1839 221 1876 blica
237 1839 340 1893 vjris
361 1842 421 1892 (hi
440 1844 547 1882 enim
565 1854 659 1884 sunt
667 1874 682 1892 ‚
739 1862 807 1886 uos
835 1850 898 1887 di-

108 1885 185 1929 cit,
208 1885 269 1922 dii
287 1888 445 1936 superi,
467 1895 699 1941 quemadmo
730 1908 795 1933 um
814 1899 895 1934 Sat.

104 1934 165 1969 11.
197 1935 238 1975 6,
265 1934 327 1968 52-
357 1935 497 1974 obvius
534 1938 605 1976 ille
628 1942 823 1980 Horatio:
863 1945 898 1980 0

104 1978 226 2025 bone,
257 1990 353 2015 nam
381 1988 419 2018 te
442 1984 566 2023 seire,
594 1985 686 2023 deos
703 1991 895 2037 quoniam

94 2025 279 2079 propius
313 2028 541 2080 contingis,
579 2040 752 2080 oportet,
797 2048 893 2072 num

99 2070 213 2122 qmd
237 2071 286 2107 de
310 2075 439 2111 Dacis
464 2077 652 2116 audisti?
684 2080 754 2117 ubi
789 2090 895 2120 certe

98 2131 225 2155 nemo
246 2119 295 2154 de
314 2119 392 2157 diis
438 2123 574 2172 roprio
601 2139 720 2163 sensu
747 2129 892 2176 cogita-

96 2164 201 2210 bit.)
239 2165 372 2213 magni
398 2134 538 2206 li’aberi
567 2177 607 2208 et
632 2174 787 2211 secerni
819 2189 892 2224 po-

95 2212 229 2260 pulo;
257 2223 358 2266 quae
386 2214 561 2253 carmina
593 2217 638 2255 in
662 2220 793 2267 gelido
819 2235 892 2259 ne-

93 2270 215 2295 more
258 2264 368 2295 mter
407 2262 689 2312 Nympharum
731 2269 799 2304 Sat
848 2283 891 2306 o-

92 2316 284 2358 ramque·
312 2304 452 2344 choros
489 2322 724 2359 componere
751 2328 793 2351 so
813 2322 890 2359 eat,

92 2351 130 2388 si
178 2363 377 2389 nlmu‘um
410 2356 552 2393 Musae
595 2357 673 2395 sibi
714 2359 887 2403 faveant.

88 2399 223 2436 Errat
261 2396 370 2434 enim
396 2399 561 2438 Iahnius
587 2402 630 2441 in
658 2418 777 2442 sensu
808 2409 888 2445 loci

90 2442 344 2493 “plicando
353 2469 368 2488 ‚
397 2459 519 2495 quum
537 2448 638 2487 dicit
654 2450 764 2489 hunc
782 2467 886 2492 esse:

86 2488 261 2538 „egmsi
270 2492 412 2529 Musae
421 2505 483 2529 me
492 2495 541 2531 ad
551 2499 770 2536 canendum
782 2513 887 2537 com-

84 2538 287 2587 pellunt,
313 2537 447 2575 studio
467 2553 634 2579 coronae
650 2543 887 2584 hedersceao

85 2596 186 2621 cum
215 2581 297 2618 diis
324 2586 605 2624 commercium
630 2589 822 2636 instituo,
847 2601 886 2630 et

81 2630 133 2668 in
152 2627 342 2666 silvestri
361 2643 517 2668 secessu
542 2632 652 2672 inter
674 2639 716 2675 N
745 2638 884 2687 mpha-

80 2688 183 2715 rum
203 2681 245 2711 et
264 2676 498 2724 Satyrorum
517 2679 657 2721 choros
684 2650 883 2722 abybomi-

79 2734 190 2762 nam
213 2726 331 2758 coetu
349 2730 522 2776 remotus
541 2733 680 2764 sum.“
710 2732 816 2768 Nam
835 2733 883 2768 de

77 2768 160 2809 uli
183 2779 426 2806 commercio
444 2776 514 2809 sut
530 2786 685 2812 secessu
711 2790 792 2815 non
815 2792 881 2816 co-

947 926 1093 1010 §iuvit
1110 937 1241 987 poeta.
1260 954 1310 964 —-
1326 937 1375 973 V.
1395 940 1457 975 35.
1475 940 1729 981 Meineckius

968 981 1153 1014 uturum:
1182 992 1342 1018 mser-es.

994 1064 1167 1102 ODAR.
1190 1070 1222 1104 1.
1243 1073 1289 1114 2,
1308 1084 1349 1108 v.
1368 1077 1427 1109 10.
1464 1075 1535 1112 ΑΙ.
1574 1077 1726 1114 colum-

945 1108 1020 1146 bie.
1046 1132 1096 1139 —
1124 1115 1171 1149 V.
1198 1119 1260 1152 31.
1294 1119 1365 1156 ΑΙ.
1392 1121 1594 1160 mudena.
1630 1127 1727 1163 Non

945 1156 1110 1195 dubium
1129 1167 1203 1204 cst,
1223 1164 1431 1211 legendum
1450 1181 1532 1205 esse
1550 1171 1723 1207 canden-

941 1208 1010 1239 tes.
1043 1205 1285 1256 Antiquitas
1305 1212 1411 1249 enim
1429 1215 1622 1263 scriptum
1642 1225 1726 1256 erat

941 1247 1165 1295 candetum,
1180 1266 1229 1289 ex
1248 1268 1326 1304 quo
1345 1258 1437 1294 dein
1448 1260 1639 1297 candenti
1652 1275 1717 1298 or-

941 1298 1043 1330 tum.
1062 1297 1287 1338 candentes
1297 1316 1315 1338 a
1323 1309 1429 1340 utem
1438 1304 1592 1343 humeri
1603 1314 1713 1344 sunt:

942 1340 1159 1387 radiantes,
1179 1347 1438 1393 splendentes
1452 1364 1465 1397 ;
1486 1354 1535 1389 nd
1548 1365 1716 1402 quorum

940 1386 1196 1442 splendorem
1220 1393 1455 1432 leniendum
1481 1399 1588 1436 nube
1614 1412 1713 1456 ogias

940 1439 1036 1468 erat.
1079 1434 1135 1469 Et
1161 1447 1204 1472 1n
1231 1438 1407 1475 Homero
1442 1443 1549 1478 nube
1583 1444 1720 1483 ammti

939 1477 1108 1516 veniunt
1133 1480 1205 1517 dii.
1223 1503 1272 1511 —
1291 1486 1338 1520 V·
1363 1488 1425 1523 39.
1456 1487 1527 1524 ΑΙ.
1556 1490 1719 1535 Mauri,

939 1530 983 1560 ut
999 1525 1121 1563 multi
1139 1539 1232 1580 sque
1250 1531 1382 1574 codd„
1402 1532 1600 1582 siquidem
1619 1537 1718 1574 scri-

938 1569 998 1608 bis
1049 1571 1224 1620 ignotius
1267 1579 1520 1624 Marsorum,
1581 1584 1717 1622 notius

937 1620 1171 1658 Maurorum
1196 1635 1339 1661 nomen
1379 1625 1524 1664 fuerat.
1571 1631 1719 1668 Contra

938 1664 1241 1721 haudquaquam
1289 1671 1434 1709 desunt
1478 1675 1592 1712 codd.
1673 1677 1717 1714 ui

936 1711 1073 1749 Mam
1092 1722 1405 1762 repraesentant,
1417 1718 1459 1755 id
1473 1723 1580 1769 quod
1597 1735 1717 1760 unice

934 1758 1197 1804 probandum.
1247 1763 1377 1801 Marsi
1412 1764 1518 1802 enim
1561 1770 1715 1816 pedites

935 1804 1145 1843 clarissimi
1178 1807 1345 1846 suerunt
1373 1809 1418 1848 in
1442 1812 1715 1854 Romanorum

933 1850 1137 1899 exercitu3
1170 1854 1307 1892 Mauri
1334 1863 1472 1895 contro.
1497 1872 1577 1897 non
1596 1862 1712 1909 pedi-

930 1901 988 1933 tes
1013 1897 1145 1943 fuere,
1164 1903 1234 1938 setl
1260 1903 1428 1951 equites.
1474 1905 1712 1946 Ridiculum

931 1949 1086 1989 autem,
1099 1947 1280 2000 peditem
1308 1951 1356 1986 de
1383 1953 1513 1999 equite
1537 1953 1587 1990 ab
1615 1966 1711 2003 equo

930 1989 1077 2028 deiecto
1095 1995 1366 2043 interpretari.
1404 2000 1481 2036 Sed
1500 2006 1540 2036 et
1561 2002 1710 2049 aptius,

929 2035 996 2073 hic
1006 2039 1147 2077 Italam
1167 2048 1338 2096 gentem,
1354 2056 1471 2093 quam
1489 2053 1707 2093 externam,

928 2094 950 2118 a
967 2091 1085 2131 poeta
1103 2099 1313 2124 nominari.

974 2163 1147 2201 ODAR.
1168 2167 1200 2202 Ι.
1217 2170 1258 2210 3,
1276 2179 1316 2204 v.
1336 2169 1395 2206 18.
1425 2171 1474 2207 In
1490 2171 1610 2209 siccis
1627 2186 1709 2211 non

928 2214 986 2245 est
1004 2210 1053 2246 de
1070 2211 1256 2260 lacrymis
1274 2214 1550 2268 cogitandum3
1573 2219 1707 2266 potius

927 2253 954 2290 i.
976 2267 1009 2291 e.
1031 2267 1071 2311 q.
1091 2255 1277 2294 immotus
1286 2285 1301 2302 ,
1327 2261 1579 2310 intrepidus,
1599 2264 1707 2302 nihil

924 2300 1081 2339 timoris
1108 2303 1297 2340 sentiens.
1346 2305 1448 2352 Quis
1482 2308 1591 2346 enim
1615 2311 1707 2348 fleat

925 2346 969 2384 in
986 2355 1165 2386 monstro
1182 2348 1299 2387 viso?
1312 2370 1364 2379 ——
1379 2354 1429 2390 V.
1448 2357 1509 2390 22.
1529 2356 1600 2393 ΑΙ.
1620 2357 1703 2394 dis-

922 2394 1145 2431 sociabiles.

971 2473 1142 2512 ODAR.
1163 2477 1194 2514 1.
1212 2479 1260 2521 4,
1286 2490 1328 2516 v.
1345 2483 1407 2517 12.
1449 2481 1521 2519 Al.
1550 2495 1704 2530 agnam

919 2539 967 2546 —
985 2519 1167 2558 hoedum.

968 2597 1140 2636 ODAR.
1161 2602 1195 2637 1.
1214 2605 1253 2644 6,
1273 2615 1313 2639 v.
1331 2607 1368 2640 2.
1387 2605 1578 2656 Plerique
1603 2608 1702 2647 libri

920 2641 1042 2686 alite,
1079 2645 1150 2681 alii
1186 2647 1295 2685 aliti.
1341 2652 1453 2689 Illud
1478 2660 1516 2690 et
1541 2655 1701 2693 Meina-

920 2687 1030 2726 ckius
1042 2716 1056 2733 ,
1077 2699 1266 2730 commate
1284 2703 1373 2744 post
1399 2699 1528 2736 victor
1542 2700 1700 2750 posit03

919 2747 930 2768 r
946 2737 1025 2772 uod
1051 2749 1121 2784 ego
1148 2740 1285 2785 deleo,
1318 2749 1358 2780 et
1392 2743 1467 2783 int.
1505 2747 1701 2786 Scriberis

961 2782 1214 2834 ar1·0(dativo
1235 2788 1343 2836 casu)
1365 2791 1459 2828 nisu
1475 2806 1543 2830 seu
1561 2794 1700 2833 volatu
