2081 3169
669 203 810 251 LIB.
851 203 896 248 1.
956 204 1122 249 SAT.
1161 205 1229 250 11.
1599 198 1695 252 165

195 304 415 359 nomina
433 312 676 369 sectatur,
700 303 856 357 modo
876 312 1053 357 sumta
1075 311 1218 358 veste
1237 304 1400 372 virili,

194 380 300 434 sub
322 380 563 450 patribus
583 379 749 443 duris,
773 379 1026 433 tironum.
1083 378 1366 444 »Maxime,
1381 400 1407 433 α
1424 381 1546 450 quis
1567 398 1694 447 non,

194 455 430 525 »Iupiter
445 455 456 507 !
471 475 496 507 «
518 453 790 518 exclamat,
811 452 974 506 simul
995 459 1153 523 atque
1172 452 1410 507 audivit?
1429 460 1463 509 Ἴ
1478 456 1546 509 At
1564 457 1619 510 in
1640 474 1697 509 se

196 546 294 599 pro
311 535 533 600 quaestu
555 536 793 583 sumtum
815 526 937 581 facit
955 528 1066 581 hic.
1106 532 1140 581 Ἴ
1159 527 1263 581 vix
1280 528 1484 582 credere
1503 532 1690 601 possiS,

199 621 364 674 quam
384 604 489 657 sibi
509 621 615 658 non
636 604 705 657 sit
724 603 955 670 amicus;
998 602 1088 665 ita,
1112 608 1172 655 ut
1188 609 1334 672 pater
1353 602 1459 668 ille,
1484 606 1688 661 Terenti
1753 617 1804 658 20

199 677 377 731 sabula
397 696 560 750 quem
581 678 835 732 miserum
853 685 1012 750 gnato
1025 676 1237 731 ’vixisse
1254 675 1432 750 fugato

198 752 420 818 inducit,
446 771 553 807 non
574 771 630 807 se
649 754 802 824 peius
821 751 1149 815 cruciaverit,
1174 759 1331 823 atque
1350 753 1449 806 hic.

199 828 255 882 Si
276 828 400 899 quis
419 844 565 881 nunc
582 836 812 899 quaerat,
828 827 973 896 »Quo
990 843 1074 880 res
1093 826 1222 880 haec
1238 827 1517 897 pertinet?«
1535 828 1689 884 Illuc:

197 903 329 956 dum
350 903 519 956 vitant
536 902 683 956 stulti
704 902 849 966 vitia,
874 903 930 956 in
954 901 1210 955 contraria
1235 911 1472 957 currunt.

195 977 489 1032 Malthinus
508 977 703 1031 tunicis
722 977 968 1031 demissis
988 975 1249 1031 ambulat:
1293 984 1371 1031 est
1395 978 1490 1049 qui
1752 991 1804 1033 25

199 1053 402 1124 inguen
421 1051 490 1107 ad
507 1051 826 1106 obscoenum
845 1051 1121 1106 subductis
1140 1069 1312 1123 usque
1332 1051 1553 1108 facetus:

196 1126 434 1198 pastillos
454 1125 689 1181 Rufillus
702 1126 821 1192 olet,
845 1126 1147 1200 Gargonius
1167 1127 1396 1182 hircum.

196 1201 287 1256 Nil
309 1201 545 1256 medium
565 1208 661 1255 oet.
701 1200 853 1265 Sunt,
877 1202 973 1273 qui
993 1201 1162 1256 nolint
1181 1202 1412 1276 tetigisse
1429 1205 1533 1259 nisi
1557 1204 1689 1270 illas,

197 1294 430 1348 quarum
449 1276 671 1331 subsuta
690 1275 821 1330 talos
840 1284 977 1349 tegat
997 1276 1174 1331 instita
1195 1285 1363 1335 veste:

196 1359 376 1406 contra
397 1350 533 1406 alius
556 1350 759 1406 nullam
777 1351 883 1405 nisi
902 1350 1061 1405 olenti
1084 1352 1139 1405 in
1159 1350 1353 1405 fornice
1373 1359 1617 1407 stantem.
1752 1363 1802 1406 30

196 1427 427 1494 Quidam
448 1433 603 1481 notus
622 1425 782 1480 homo
801 1436 972 1497 quum
990 1426 1156 1479 exiret
1174 1424 1385 1488 fornice,
1409 1428 1606 1480 »Macte

194 1521 222 1554 >2
234 1502 426 1556 virtute
443 1508 571 1566 esto,
586 1521 611 1554 α
632 1501 809 1573 inquit
825 1501 1082 1555 sententia
1102 1500 1189 1553 dia
1212 1499 1451 1554 Catonis:

195 1580 370 1632 »Nam
391 1575 553 1631 simul
575 1594 635 1631 ac
653 1594 815 1632 venas
837 1575 1040 1631 inflavit
1060 1581 1186 1630 tetra
1208 1573 1389 1640 libido,

194 1654 341 1708 »huc
360 1654 578 1707 iuvenes
597 1669 829 1724 aequum
848 1659 926 1706 est
943 1651 1273 1714 daeoendere,
1297 1668 1403 1704 non
1423 1650 1618 1707 alienas

194 1727 518 1801 »permolere
538 1744 750 1782 uxores.
765 1725 891 1781 ‹f—
908 1726 1121 1781 »Nolim
1143 1725 1420 1791 laudarier,
1432 1746 1458 1780 <c
1480 1727 1669 1801 inquit,
1751 1740 1800 1784 35

194 1805 311 1858 »sic
330 1820 432 1869 me,
446 1823 472 1856 α
491 1803 706 1857 mirator
722 1802 886 1857 cunni
906 1801 1237 1873 Cupiennius
1256 1800 1384 1856 albi.

194 1879 398 1934 Audire
415 1885 493 1932 est
511 1895 697 1949 operae
713 1878 962 1949 pretium,
986 1877 1263 1948 procedere
1282 1886 1416 1932 recte

192 1955 292 2027 qui
314 1953 545 2008 moechis
566 1970 672 2007 non
695 1952 878 2018 vultiS,
906 1960 965 2007 ut
984 1953 1131 2007 omni
1150 1961 1294 2025 parte
1313 1953 1572 2024 laborent3

121 2031 129 2036 ’
193 2037 363 2102 utque
382 2027 489 2082 illis
510 2026 676 2084 multo
695 2036 936 2100 corrupta
957 2027 1134 2084 dolore
1152 2030 1411 2102 voluptaS,

192 2115 356 2177 atque
376 2104 504 2158 haec
523 2122 656 2169 rara,
679 2103 829 2158 cadat
845 2104 976 2158 dura
996 2105 1131 2159 inter
1149 2122 1302 2176 saepe
1320 2104 1534 2176 pericla.
1749 2111 1799 2156 40

191 2182 292 2235 Hic
309 2197 368 2233 se
384 2179 721 2251 praecipitem
741 2185 871 2233 tecto
889 2179 1058 2236 dedit:
1101 2180 1191 2234 ille
1215 2179 1435 2251 flagellis
1493 2204 1498 2211 ·

192 2256 262 2311 ad
281 2263 503 2309 mortem
523 2271 730 2309 caesus:
772 2252 982 2328 fugiens
1003 2256 1092 2309 hic
1110 2253 1301 2307 decidit
1318 2269 1489 2306 acrem

189 2329 522 2403 praedonum
544 2329 600 2384 in
618 2330 857 2385 turham:
899 2330 1044 2384 dedit
1061 2329 1149 2384 hic
1166 2344 1263 2400 pro
1293 2342 1503 2398 corpore
1533 2345 1693 2382 num-

1187 2419 1330 2456 mos:

190 2482 341 2536 hunc
358 2479 760 2550 perminxerunt
777 2474 1009 2545 calones}
1053 2476 1186 2548 quin
1207 2477 1363 2530 etiam
1390 2475 1525 2530 illud

191 2554 401 2618 accidit,
426 2562 485 2608 ut
503 2554 714 2609 cuidam
735 2562 889 2609 testes
909 2551 1238 2622 caudamque
1264 2551 1486 2605 salacem
1607 2562 1616 2565 ”
1748 2560 1797 2607 45

189 2631 511 2684 demeterent
531 2628 684 2684 ferro,
724 2631 916 2684 »Iure«
933 2644 1143 2694 omnes;
1189 2626 1354 2681 Galba
1376 2628 1618 2703 negabat.

188 2705 377 2761 Tutior
396 2711 448 2759 at
465 2714 663 2777 quanto
683 2722 833 2761 merx
852 2711 929 2758 est
949 2703 1005 2757 in
1022 2701 1187 2757 classe
1210 2703 1467 2769 secunda,
