2081 3169
667 263 964 310 LIBER
1034 265 1144 312 111.

301 365 584 422 descendat
602 366 657 418 in
680 364 943 436 Campum
968 367 1182 435 petitor;

380 441 621 496 moribus
642 440 731 493 hic
749 440 1042 511 meliorque
1067 439 1204 494 fama

230 531 531 598 contendat3
576 530 656 584 illi
678 532 833 585 turba
852 531 1126 584 clientium

229 609 298 662 sit
316 606 507 660 maior:
553 623 720 676 aequa
743 606 854 678 lege
875 605 1155 658 necessitas

302 681 518 735 sortitur
537 681 773 752 insignes
791 688 839 733 et
860 681 995 733 imos
1011 699 1022 747 3

378 772 537 809 omne
557 771 721 825 capax
741 762 917 809 movet
935 773 1070 808 urna
1092 771 1302 808 nomen.

229 865 514 918 Destrictus
534 863 676 916 ensis
696 864 782 916 cui
801 881 962 933 super
985 864 1148 933 impia

230 940 429 993 cervice
448 937 653 1008 pendet,
678 955 783 992 non
804 937 1010 992 Siculae
1028 937 1190 1008 dapes

302 1013 512 1067 dulcem
532 1011 872 1067 elaborabunt
890 1030 1150 1084 saporem,

378 1105 485 1142 non
504 1087 685 1140 avium
704 1087 1035 1160 citharaeque
1054 1096 1238 1143 cantus

228 1212 479 1250 somnum
499 1195 766 1249 reducent.
845 1197 1076 1250 Somnus
1096 1196 1383 1269 agrestium

228 1271 361 1324 lenis
386 1271 620 1324 virorum
643 1288 748 1324 non
768 1271 998 1325 humiles
1018 1272 1204 1324 domos

299 1345 500 1400 fastidit
519 1346 930 1416 umbrosamque
947 1347 1136 1416 ripam,

375 1437 483 1473 non
503 1419 757 1493 Zephyris
778 1422 966 1492 agitata
986 1421 1199 1490 Tempe.

222 1527 614 1582 Desiderantem
632 1528 777 1599 quod
797 1529 923 1581 satis
943 1536 1036 1593 est,
1064 1544 1234 1599 neque

221 1602 612 1657 tumultuosum
633 1603 873 1658 sollicitat
896 1621 1057 1666 mare,

299 1695 396 1732 nec
417 1695 607 1732 saevus
626 1678 835 1733 Arcturi
856 1678 1087 1732 cadentis

376 1754 603 1823 impetus
624 1762 715 1807 aut
732 1753 947 1807 orientis
964 1752 1124 1806 Hoedi
1143 1772 1154 1805 :

218 1877 327 1914 non
348 1860 644 1914 verberatae
662 1861 919 1933 grandine
937 1862 1138 1924 vineae,

216 1934 530 2004 fundusque
549 1935 794 2000 mendax,
819 1937 1001 1989 arbore
1022 1953 1165 1989 nunc
1184 1944 1348 2006 aquas

295 2008 560 2078 culpante,
585 2027 728 2063 nunc
747 2011 990 2064 torrentia
1010 2028 1162 2082 agros

370 2082 562 2148 sidera,
587 2102 731 2138 nunc
749 2086 951 2139 hiemes
971 2085 1203 2156 iniquas,

215 2193 491 2247 Contracta
512 2191 681 2261 pisces
699 2207 924 2262 aequora
943 2193 1179 2247 sentiunt

216 2267 366 2321 iactis
389 2266 442 2319 in
466 2265 634 2319 altum
652 2266 908 2320 molibus:
952 2268 1059 2321 huc
1077 2266 1325 2338 frequens

290 2349 558 2395 caementa
580 2339 804 2394 demittit
823 2341 1080 2396 redemtor

365 2432 493 2469 cum
513 2414 749 2481 famuliS,
773 2415 1128 2489 dominusque
1149 2424 1311 2470 terrae

208 2523 546 2578 fastidiosus:
589 2523 684 2577 sed
703 2524 882 2578 Timor
899 2533 949 2578 et
966 2526 1141 2580 Minae

208 2598 477 2654 scandunt
495 2598 696 2663 eodem,
722 2616 829 2669 quo
855 2599 1127 2666 dominus;
1173 2615 1345 2669 neque

286 2673 494 2729 decedit
513 2681 683 2730 aerata
702 2674 918 2738 triremi,
943 2683 995 2728 et
1116 2739 1124 2746 ι

359 2755 483 2822 post
499 2749 734 2823 equitem
751 2748 911 2814 sedet,
935 2756 1046 2803 atra
1066 2747 1225 2801 Cura.

1313 2840 1359 2885 E
1382 2831 1416 2883 2

1590 258 1657 311 67

1712 689 1763 731 15

1708 1096 1759 1137 20

1703 1537 1754 1577 25

1699 1941 1826 1987 3⁰,

1697 2352 1747 2393 35

1691 2746 1745 2791 40
