2081 3169
439 158 536 210 186
941 163 1420 210 ΒΑΤΥΒΑΒῘῘΜ

433 260 700 334 pascendi,
725 262 962 318 ducenda
982 265 1246 336 petorrita.
1307 266 1464 319 Nunc
1478 265 1613 319 mihi
1633 273 1782 321 curto

331 349 407 391 105
435 339 510 391 ire
530 337 647 392 licet
664 338 813 393 mulo
834 338 936 404 vel,
961 341 1008 392 si
1035 339 1180 405 libet,
1205 356 1379 411 usque
1395 340 1700 405 Tarentum,

435 413 664 467 mantica
680 414 768 467 cui
787 412 998 468 lumbos
1006 431 1164 468 onere
1179 413 1375 469 ulceret
1390 422 1548 486 atque
1558 433 1721 486 eques
1734 433 1914 471 armos
1926 460 1938 473 .

437 487 659 542 Obiiciet
679 506 834 544 nemo
852 488 1031 543 sordes
1052 489 1205 555 mihi,
1240 507 1376 561 quas
1394 490 1509 554 tibi,
1535 490 1677 555 Tilli,

436 581 607 634 quum
628 565 844 618 Tiburte
863 564 950 618 via
968 572 1259 636 praetorem
1277 564 1519 636 quinque
1537 573 1839 636 sequuntur

435 647 486 692 te
504 639 673 710 pueri,
700 638 943 693 lasanum
961 647 1227 710 portantes
1246 640 1732 711 oenophorumque.

328 724 407 766 110
433 715 542 768 Hoc
559 731 657 787 ego
674 714 1020 780 commodine,
1047 732 1210 787 quam
1230 722 1307 779 tu,
1331 714 1592 786 praeclare
1618 723 1848 782 senator,

435 787 677 843 millibus
705 797 864 861 atque
889 788 1027 855 aliie,
1059 790 1205 845 vivo.
1282 789 1612 860 Quacunque
1635 788 1805 844 libido
1836 799 1916 844 est
1932 829 1944 850 ,

437 864 622 919 incedo
640 863 803 930 solue,
826 872 1099 936 percontor
1118 864 1305 937 quanti
1333 863 1451 918 olus
1470 881 1530 917 ac
1547 863 1653 918 far:

434 938 671 994 fallacem
700 940 914 995 Circum
933 940 1401 1011 vespertinumque
1417 956 1628 1011 pererro

437 1032 591 1086 saepe
609 1014 804 1080 forum,
830 1015 1025 1069 adsisto
1044 1014 1264 1079 divinis,
1286 1013 1410 1067 inde
1428 1013 1648 1068 domum
1671 1031 1758 1068 me

336 1099 414 1142 115
441 1089 509 1144 ad
528 1090 670 1160 porri
690 1098 741 1144 et
757 1090 940 1144 ciceris
960 1088 1124 1144 refero
1148 1088 1429 1163 laganique
1446 1090 1699 1143 catinum.

440 1164 612 1219 Coena
633 1164 962 1219 ministratur
976 1165 1160 1238 pueris
1180 1165 1373 1229 tribue,
1397 1172 1449 1218 et
1468 1164 1602 1236 lapis
1625 1164 1782 1218 albus

434 1239 623 1311 pocula
642 1255 766 1293 cum
785 1240 975 1313 cyatho
992 1240 1101 1294 duo
1119 1240 1358 1305 sustinet,
1382 1239 1553 1294 adstat
1569 1239 1792 1294 echinus

438 1315 580 1379 vilis,
606 1332 728 1368 cum
748 1323 922 1386 patera
946 1322 1149 1389 guttuS,
1173 1315 1439 1385 Campana
1461 1314 1718 1387 supellex.

435 1389 634 1445 Deinde
651 1407 712 1444 eo
730 1389 1017 1445 dormitum
1038 1407 1146 1444 non
1163 1388 1437 1455 sollicitus,
1461 1390 1594 1444 mihi
1616 1389 1764 1462 quod
1785 1408 1911 1445 cras
2013 1417 2020 1422 ·

327 1475 405 1518 120
431 1465 759 1539 surgendum
783 1466 852 1519 sit
867 1483 1040 1530 mane,
1064 1464 1343 1520 obeundus
1365 1467 1590 1539 Marsya,
1614 1466 1712 1537 qui
1739 1484 1797 1520 se

436 1541 647 1595 vultum
669 1538 800 1595 ferre
819 1548 975 1614 negat
994 1541 1287 1597 Noviorum
1305 1558 1458 1613 posse
1475 1541 1719 1596 minoris.

436 1616 520 1671 Ad
539 1624 783 1688 quartam
805 1617 972 1685 iaceo;
1014 1617 1291 1689 posthanc
1311 1634 1490 1690 vagor,
1514 1624 1605 1671 aut
1623 1635 1740 1691 egO‚
1768 1617 1903 1674 lecto

435 1699 526 1746 aut
545 1692 756 1763 scripto,
774 1691 920 1763 quod
939 1709 1024 1746 me
1044 1693 1261 1746 tacitum
1282 1693 1443 1758 iuvet,
1474 1709 1648 1765 ungor
1665 1692 1828 1758 olive,

435 1785 541 1821 non
561 1785 670 1838 quo
687 1766 1281 1822 fraudatis-immundus
1302 1768 1453 1821 Natta
1471 1766 1721 1822 lucernis,

328 1852 403 1893 125
432 1840 527 1895 Ast
546 1842 639 1895 ubi
681 1860 766 1896 me
785 1841 984 1896 fessum
1001 1841 1080 1896 sol
1101 1842 1266 1896 acrior
1290 1842 1364 1896 ire
1383 1841 1618 1896 lavatum

434 1915 725 1982 admonuit,
752 1916 900 1990 fugio
918 1934 1165 1989 campum
1190 1917 1477 1989 lusumque
1494 1917 1812 2003 trigonem.

434 1992 666 2045 Pransus
690 2009 796 2047 non
817 1992 987 2057 avide,
1011 2000 1274 2064 quantum
1296 1991 1628 2063 interpellet
1614 1993 1763 2047 inani

439 2073 622 2120 ventre
640 2067 781 2121 diem
802 2066 1014 2133 durare,
1036 2067 1356 2121 domesticus
1376 2069 1526 2122 otior.
1606 2068 1750 2122 Haec
1761 2075 1842 2122 aet

436 2140 542 2195 vita
562 2141 853 2196 solutorum
875 2142 1067 2196 misera
1087 2142 1373 2197 ambitione
1390 2142 1669 2215 gravique.

328 2224 404 2267 130
430 2216 524 2269 His
542 2234 628 2269 me
643 2216 880 2271 consolor
901 2217 1169 2271 victurum
1188 2218 1433 2282 suaviuS,
1458 2233 1520 2270 ac
1542 2217 1591 2270 si

435 2299 680 2361 quaestor
699 2310 834 2348 avus
851 2299 997 2363 pater
1015 2300 1177 2364 atque
1194 2309 1346 2347 meus
1373 2298 1703 2364 patruusque
1721 2288 1931 2347 fuisset.

348 2694 569 2897 X}

564 2900 631 3047 ἱ,
