2081 3169
419 206 519 263 254
881 209 1441 258 EPISTOLARUM

418 313 501 367 Tu
520 310 710 379 nidum
729 327 926 376 servas,
949 328 1049 384 ego
1069 310 1226 367 laudo
1245 312 1385 366 ruris
1405 327 1611 366 amoeni

398 388 578 451 ·riv0s,
603 393 652 440 et
670 403 854 440 museo
879 386 1173 442 circumlita
1192 405 1317 442 saxa
1345 404 1659 459 nemusque.

310 625 362 668 10

310 1002 362 1044 15

312 1374 363 1418 20

314 1828 365 1871 25

316 2203 367 2245 30

319 2575 370 2620 35

272 2760 427 2859 Ἣ

418 462 561 529 Quid
580 460 830 534 quaeris?
866 463 992 517 vivo
1008 470 1061 516 et
1080 480 1258 535 regnO,
1282 462 1445 516 simul
1467 462 1564 516 ista
1578 462 1795 536 reliqui,

418 555 556 611 quae
576 555 671 592 vos
692 536 759 591 ad
777 536 983 592 eoelum
1004 535 1149 592 fertis
1169 554 1379 592 rumore
1397 537 1645 603 secunde,

418 620 584 685 utque
603 611 881 667 saoerdotis
902 612 958 666 fu
1000 613 1179 677 itivuS,
1204 611 1311 666 liba
1331 629 1540 667 recuso:

415 705 553 761 pane
569 704 713 762 ege0,
739 687 845 741 iam
864 686 967 741 mel
993 688 1079 741 itis
1098 688 1294 759 potiore
1314 686 1584 759 placentis.

417 764 607 821 Vivere
625 770 841 817 naturae
860 763 907 815 si
927 763 1293 817 convenienter
1309 770 1523 834 oportet,

416 839 796 911 ponendaeque
815 836 972 892 domo
991 837 1289 910 quaerenda
1310 845 1387 892 est
1406 856 1524 892 area
1548 836 1806 909 primum,

419 914 682 969 novistine
703 912 875 967 looum
895 913 1149 984 potiorem
1168 930 1290 967 rure
1307 911 1492 967 beato?

416 989 529 1054 Est,
553 989 648 1043 ubl
666 987 789 1059 plus
809 995 1014 1058 tepeant
1030 987 1270 1042 hiemes?
1306 988 1401 1042 ubi
1420 988 1615 1061 gratior
1636 1005 1763 1042 aura

420 1063 580 1118 leniat
597 1071 647 1117 et
662 1062 862 1116 rabiem
884 1062 1043 1117 Canis
1064 1071 1114 1117 et
1132 1069 1394 1117 momenta
1412 1050 1602 1117 Leonis
1616 1104 1630 1128 ,

422 1155 593 1210 quum
614 1135 773 1191 semel
795 1138 991 1208 accepit
1009 1136 1175 1193 solem
1193 1136 1518 1193 furibundus
1540 1136 1790 1192 acutum?

420 1221 514 1278 est,
541 1212 634 1266 ubi
653 1210 868 1265 divellat
888 1229 1102 1267 somnos
1123 1214 1303 1267 minus
1324 1212 1506 1268 invida
1523 1211 1687 1267 cura?

419 1287 655 1342 Deterius
676 1287 891 1360 Libycis
910 1287 1013 1341 olet
1032 1294 1123 1342 aut
1150 1288 1276 1342 nitet
1293 1288 1455 1342 herba
1476 1285 1708 1359 lapillis?

421 1363 604 1436 purior
624 1362 680 1415 in
702 1362 834 1416 vicis
854 1380 993 1435 aqua
1015 1362 1181 1417 tendit
1200 1380 1445 1435 rumpere
1462 1362 1768 1434 plumbum,

422 1456 585 1512 quam
615 1454 753 1510 quae
781 1454 875 1508 per
901 1454 1134 1508 pronum
1164 1438 1385 1510 trepidat
1410 1455 1534 1492 oum
1553 1455 1836 1567 ‘murmure
1852 1439 1928 1493 ri-

1411 1530 1544 1569 vum

420 1591 623 1660 Nempe
642 1588 775 1642 inter
794 1587 967 1642 varias
988 1589 1221 1644 nutritur
1246 1588 1381 1644 silva
1401 1589 1702 1657 oolumnas;

422 1664 774 1736 laudaturque
790 1662 1000 1728 domuS,
1026 1663 1213 1739 longos
1233 1682 1370 1736 quae
1393 1665 1646 1736 prospicit
1670 1681 1850 1738 agroS.

421 1741 677 1794 Naturam
695 1738 928 1809 expellas
948 1737 1112 1803 furca,
1135 1747 1310 1794 tamen
1331 1758 1503 1812 usque
1521 1747 1767 1810 recurret,

422 1822 473 1869 et
492 1814 630 1869 mala
648 1822 954 1886 perrumpet
973 1814 1154 1869 furtim
1177 1813 1383 1869 fastidia
1405 1815 1616 1870 victrix.

422 1891 559 1954 Non,
585 1890 681 1961 qui
699 1889 917 1945 Sidonio
936 1889 1247 1944 contendere
1265 1889 1487 1944 callidus
1505 1897 1643 1944 ostro

425 1965 587 2019 nescit
605 1964 927 2036 Aquinatem
945 1965 1178 2036 potantia
1197 1963 1389 2020 vellera
1410 1964 1612 2029 fucum,

423 2040 614 2095 oertius
635 2039 853 2110 aooipiet
871 2039 1131 2096 damnum
1152 2041 1436 2111 propiusve
1460 2038 1731 2104 medullis,

423 2132 586 2187 quam
606 2115 702 2188 qui
723 2124 829 2169 non
850 2115 1037 2186 poterit
1058 2132 1181 2170 vero
1199 2114 1525 2188 distinguere
1541 2114 1761 2169 falsum.

425 2191 594 2257 Quem
614 2207 696 2245 res
714 2189 838 2261 plus
858 2190 1026 2245 nimio
1046 2189 1363 2246 delectavere
1381 2189 1657 2254 secundae,

424 2273 653 2321 mutatae
671 2265 928 2338 quatient.
1005 2264 1063 2320 Si
1082 2265 1215 2337 quid
1236 2266 1510 2331 mirabere,
1532 2282 1697 2337 pones

423 2341 646 2396 invitus,
724 2341 875 2414 Fuge
892 2358 1115 2415 magna:
1158 2340 1278 2395 lioet
1296 2341 1399 2396 sub
1417 2357 1647 2412 paupere
1663 2346 1802 2395 teoto

425 2433 572 2489 reges
593 2423 643 2469 et
661 2433 848 2488 regum
868 2417 975 2472 vita
993 2433 1328 2488 praecurrere
1347 2416 1565 2471 amieos.

425 2491 625 2546 Cervus
643 2507 844 2562 equum
865 2507 1046 2564 pugna
1066 2491 1252 2546 melior
1271 2491 1649 2546 communibus
1667 2489 1867 2546 herbis

428 2565 670 2637 pellebat,
695 2565 876 2633 donec,
901 2567 1077 2621 minor
1098 2567 1153 2620 in
1175 2567 1457 2622 certamine
1480 2565 1657 2639 longO‚

427 2639 730 2709 imploravit
747 2657 873 2712 opes
889 2641 1146 2706 hominiS,
1171 2641 1488 2715 frenumque
1506 2643 1701 2711 recepit
1719 2661 1729 2695 :

428 2713 522 2768 sed
538 2721 821 2785 postquam
841 2717 1006 2774 victor
1025 2716 1230 2774 violens
1249 2717 1489 2774 discessit
1505 2716 1575 2773 aab
1595 2715 1768 2782 hoste,

424 2862 461 2915 „ir

456 2918 523 3057 ἲ
