2081 3169
453 179 549 233 ⁴70
956 183 1100 229 sA'r
1113 182 1437 232 YRARUII

451 281 656 338 Stultus
677 291 727 337 et
747 282 1021 355 improbus
1040 283 1130 337 hic
1146 301 1291 338 amor
1308 292 1402 349 est,
1417 283 1724 357 dignusque
1745 303 1839 341 no-

431 413 435 416 ,
1439 360 1558 413 tari.

341 443 392 486 25
447 417 625 498 Quum
647 440 735 486 tua
753 432 1028 503 pervideas
1047 431 1213 487 oculis
1235 433 1372 488 mala
1394 433 1571 505 lippus
1593 435 1843 500 inunctis,

449 524 543 561 cur
564 507 620 560 in
641 508 930 561 amicorum
950 508 1094 562 vitiis
1115 515 1223 561 tam
1243 508 1412 563 cernis
1432 518 1662 574 acutum,

449 600 612 653 quam
642 590 732 636 aut
757 581 935 654 aquila
962 590 1053 635 aut
1089 599 1303 654 serpens
1331 583 1689 654 Epidaurius?
1743 587 1812 640 At
1849 587 1944 641 tibi

1435 667 1611 713 contra

449 732 639 796 evenit,
652 732 937 803 >inquirant
955 732 1081 786 vitia
1100 738 1162 786 ut
1180 738 1268 786 tua
1289 750 1475 786 rursus
1493 742 1543 787 et
1561 733 1659 787 illi.

446 806 752 862 Iracundior
770 812 849 860 est
866 805 1063 877 paullo,
1087 808 1268 863 minus
1286 815 1440 877 aptus
1457 809 1622 862 acutis

340 893 391 935 30
449 882 668 936 naribus
688 881 879 935 horum
900 880 1207 948 hominum;
1250 880 1408 935 rideri
1433 883 1597 952 possit
1619 900 1698 947 ec,
1722 884 1870 954 quod

448 957 696 1011 rusticius
717 963 864 1010 tonso
883 963 1002 1028 toga
1022 955 1222 1021 defluit,
1244 963 1296 1010 et
1314 955 1450 1014 male
1468 955 1620 1011 laxus

447 1032 504 1085 in
524 1031 656 1102 pede
674 1031 876 1085 calceus
896 1029 1091 1085 haeret.
1170 1030 1238 1086 At
1255 1038 1335 1087 est
1351 1032 1541 1096 boum,
1563 1040 1624 1086 ut
1646 1031 1834 1087 melior
1861 1036 1939 1088 vir

448 1123 554 1161 non
581 1104 718 1160 alius
743 1106 1062 1177 quisquam:
1106 1113 1158 1161 at
1187 1106 1282 1160 tibi
1310 1107 1537 1161 amicus:
1581 1115 1633 1161 at
1663 1108 1937 1180 ingenium

1432 1200 1487 1236 in
1527 1199 1620 1235 ens

448 1253 645 1309 inculto
664 1253 785 1309 latet
803 1254 903 1309 hoo
920 1255 1022 1308 sub
1043 1272 1275 1325 corpore.
1351 1199 1588 1327 Denigue
1607 1263 1656 1310 te
1677 1257 1859 1327 ipsum

338 1340 389 1382 35
446 1336 678 1393 concute,
704 1346 834 1384 num
853 1347 960 1401 qua
979 1330 1077 1383 tibi
1097 1330 1349 1385 vitiorum
1373 1331 1619 1385 inseverit
1635 1331 1766 1386 olim

446 1413 631 1460 natura
650 1412 741 1459 aut
759 1404 914 1458 etiam
935 1405 1257 1460 consuetudo
1277 1405 1441 1473 mala3
1484 1423 1716 1477 namque

447 1479 694 1553 neglectis
713 1480 912 1534 urenda
934 1478 1050 1534 filix
1070 1480 1362 1536 innascitur
1381 1481 1541 1553 agris

446 1554 579 1610 Illuc
595 1564 1004 1628 praevertamur,
1029 1563 1312 1610 amatorem
1331 1554 1477 1627 quod
1495 1555 1692 1611 amicae

446 1631 621 1702 turpia
640 1630 908 1702 decipiunt
927 1647 1140 1685 caecum
1158 1631 1304 1695 vitia,
1329 1638 1419 1685 aut
1438 1632 1595 1686 etiam
1613 1632 1730 1702 ipsa
1751 1632 1883 1688 haec

338 1713 391 1758 40
449 1704 729 1773 delectaut;
773 1705 936 1762 veluti
954 1704 1240 1760 Balbinum
1257 1705 1492 1780 polypus
1516 1707 1749 1779 Hagnae.

444 1780 642 1837 Vellem
666 1781 721 1834 in
741 1781 966 1835 amicitia
987 1780 1066 1833 sio
1082 1797 1391 1845 erraremus,
1417 1788 1466 1834 et
1486 1780 1570 1833 isti

444 1856 605 1909 errori
626 1873 817 1910 nomen
837 1856 1007 1910 virtus
1026 1855 1286 1926 posuisset
1302 1854 1601 1910 honestum.

444 1929 527 1994 At,
552 1938 694 2001 pater
713 1938 774 1985 ut
788 1931 950 2004 gnati,
976 1931 1054 1984 sic
1070 1948 1166 1985 nos
1186 1929 1439 1985 debemus
1460 1929 1633 1994 amici,

444 2004 655 2075 siquod
672 2005 759 2070 sit,
783 2006 975 2060 vitium
999 2022 1104 2059 non
1125 2004 1377 2059 fastidire.
1453 2004 1762 2059 Strabonem

336 2087 386 2133 45
444 2078 668 2150 appellat
685 2080 901 2135 Paetum
919 2088 1091 2151 pater:
1133 2087 1184 2134 et
1201 2078 1431 2144 Pullum,
1457 2078 1594 2133 male
1615 2096 1817 2150 parvus

444 2155 489 2207 si
509 2154 596 2208 cui
618 2154 760 2209 filius
780 2163 884 2223 aet3
927 2163 987 2210 ut
1005 2155 1275 2210 abortivus
1294 2153 1398 2207 fuit
1413 2153 1541 2208 olim

443 2230 734 2301 Sisyphus:
776 2231 920 2285 hunc
938 2231 1154 2294 Varum,
1178 2229 1408 2284 distortis
1426 2229 1703 2284 cruribus:
1744 2228 1898 2284 illum

442 2304 668 2359 balbutit
685 2305 960 2371 Scaurum,
985 2306 1165 2377 pravis
1185 2304 1379 2359 fultum
1399 2303 1536 2359 male
1559 2303 1699 2358 talis.

442 2380 655 2434 Parcius
675 2380 763 2434 hic
782 2380 948 2435 vivit?
983 2381 1126 2453 frugi
1142 2379 1370 2434 dicatur.-
1441 2382 1656 2452 Ineptus

335 2464 385 2507 50
441 2462 491 2508 et
509 2455 778 2509 iactantior
795 2455 884 2508 hic
901 2455 1080 2526 paullo
1099 2454 1211 2509 est?
1246 2456 1536 2510 concinnus
1561 2455 1749 2509 amicis

441 2527 668 2598 postulat
683 2536 744 2583 ut
762 2530 1019 2585 videatur.
1098 2533 1167 2583 At
1185 2537 1262 2583 est
1280 2530 1634 2594 truculentior,
1666 2538 1824 2601 atque

442 2601 565 2669 plus
584 2619 750 2672 aequo
767 2602 935 2657 liber?
971 2602 1199 2674 simplex
1218 2603 1470 2676 fortisque
1488 2604 1764 2659 habeatur.

444 2671 652 2730 Caldior
669 2674 782 2729 est?
819 2693 961 2732 acres
980 2678 1115 2733 inter
1133 2686 1456 2739 numeretur.
1536 2678 1758 2750 Opinor,

328 2812 491 2929 κὴ
