2081 3169
364 491 417 539 ὕ

367 871 418 913 50

367 1244 418 1288 55

367 1695 418 1736 60

368 2145 418 2189 65

369 2519 423 2560 70

472 231 573 286 Z&
884 279 892 286 .
971 232 1456 283 SATYRARUM

473 335 695 406 inquiet,
718 343 815 389 »ut
833 336 1037 408 patiens
1052 377 1066 402 ‚
1090 343 1149 390 ut
1167 335 1351 390 amicis
1375 341 1527 407 aptus
1542 376 1555 401 ,
1579 341 1640 390 ut
1658 334 1850 391 acer‘hx

473 408 656 465 Pluroe
677 410 950 465 adnabunt
968 411 1183 476 thuani,
1207 418 1259 464 et
1277 411 1464 465 cetaria
1485 417 1735 465 crescent.

481 484 537 540 Si
559 486 644 539 cui
664 494 925 556 praeterea
946 485 1156 542 validus
1175 485 1311 540 male
1330 485 1473 540 filius
1493 486 1550 538 in
1572 504 1628 540 re

473 559 739 632 praeclara
760 560 1002 616 sublatus
1021 559 1216 628 aletur-3
1259 579 1327 615 ne
1345 560 1686 615 manifestum

475 634 690 689 caelibis
708 636 1026 708 obsequium
1049 635 1211 691 nudet
1229 643 1294 700 te,
1323 634 1504 689 leniter
1529 636 1582 689 in
1604 653 1755 706 spem

475 709 665 781 adrepe
681 710 963 776 officiosuS‚
988 718 1049 765 ut
1067 718 1117 765 et
1137 710 1364 765 scribare
1381 710 1645 763 secundus

474 785 643 850 heres,
664 793 731 850 et,
757 787 802 840 si
824 787 949 858 quis
969 802 1125 841 casus
1144 803 1370 858 puerum
1390 786 1551 857 egerit
1568 784 1718 847 OrcO,

473 861 531 915 in
552 878 780 915 vacuum
805 862 1014 916 venias:
1056 879 1267 933 perraro
1292 860 1420 914 haec
1438 860 1548 913 alea
1567 858 1719 913 fallit.

476 935 582 1002 Qui
599 943 965 991 testamentum
982 935 1151 990 tradet
1168 936 1265 990 tihi
1290 952 1522 1006 cumque
1547 933 1855 1006 legendum,
1900 949 1906 955 ·

476 1011 707 1065 abnuere
731 1020 781 1065 et
798 1010 1005 1065 tabulas
1025 1029 1054 1065 a
1075 1018 1125 1065 te
1143 1027 1408 1065 removere
1428 1016 1706 1074 memento,

475 1086 554 1139 sic
572 1094 741 1139 tamen
763 1094 821 1139 ut
842 1085 984 1139 limis
1005 1086 1195 1157 rapiaS‚
1221 1084 1353 1157 quid
1370 1085 1542 1157 prima
1562 1083 1795 1139 secundo

475 1177 589 1214 cera
611 1160 736 1216 velit
755 1178 940 1228 versu;
984 1160 1131 1215 solus
1150 1160 1400 1214 multisne
1418 1159 1646 1223 cohereS,

475 1234 638 1290 veloci
660 1252 904 1306 percurre
922 1235 1090 1290 oculo.
1170 1233 1488 1307 Plerumque
1507 1240 1738 1289 recoctus

475 1310 645 1364 scriba
669 1327 737 1364 ex
756 1310 1116 1382 quinqueviro
1134 1327 1354 1366 corvum
1373 1308 1582 1365 deludet
1599 1308 1861 1377 hiantem,

476 1393 810 1456 captatorque
829 1385 975 1439 dabit
1000 1385 1141 1438 risus
1162 1385 1347 1440 Nasica
1367 1385 1589 1441 Corano·

478 1479 606 1516 cmx.
638 1462 780 1515 Num
809 1458 962 1526 furis,
995 1478 1064 1515 an
1091 1460 1325 1532 prudens
1345 1460 1487 1515 ludis
1505 1477 1608 1524 me,
1631 1459 1864 1516 obscura
1893 1477 1975 1515 ca-

1463 1533 1671 1590 nendo?

480 1630 577 1665 rm.
600 1610 646 1665 Ο
669 1610 950 1675 Laertiade,
983 1610 1253 1683 quidquid
1280 1611 1471 1677 dicam,
1497 1618 1588 1666 aut
1605 1610 1705 1664 erit
1721 1618 1820 1666 aut
1841 1629 1975 1668 non:

476 1685 714 1740 divinare
731 1687 919 1740 etenim
942 1704 1173 1759 magnus
1195 1687 1328 1740 mihi
1347 1686 1506 1741 donat
1528 1684 1731 1757 Apollo

474 1779 605 1816 um.
629 1759 771 1826 Quid
789 1768 962 1815 tamen
984 1762 1084 1815 ista
1109 1761 1238 1817 velit
1261 1761 1367 1815 sibi
1394 1760 1591 1825 fabula,
1615 1759 1828 1827 silicet,
1861 1763 1977 1817 ede.

477 1855 574 1890 nn.
607 1837 860 1908 Tempore
874 1878 886 1901 ,
929 1852 1036 1908 quo
1067 1836 1276 1892 iuvenis
1304 1837 1510 1891 Parthis
1541 1834 1847 1892 horrendus
1864 1882 1876 1904 ,
1918 1839 1984 1894 ab

476 1984 768 2039 demissum
785 2003 955 2058 genus
976 1985 1167 2050 Aenea,
1192 1984 1375 2040 tellure
1394 1987 1634 2057 marique

476 2078 705 2134 magnus
728 2061 844 2125 erit,
868 2059 987 2114 forti
1012 2062 1172 2115 nubet
1188 2077 1399 2132 procera
1424 2061 1625 2115 Corano

478 2135 585 2189 filia
605 2137 838 2199 Nasicae,
862 2136 1142 2190 metuentis
1169 2135 1382 2189 reddere
1401 2135 1629 2190 soldum.
1693 2166 1700 2171 -

478 2212 614 2265 Tum
635 2211 794 2283 gener
814 2211 913 2265 hoc
932 2210 1108 2265 faciet:
1151 2209 1358 2264 tabulas
1375 2228 1549 2265 socero
1566 2209 1713 2264 dabit
1731 2218 1927 2286 atque,

464 2294 537 2346 ,ut
553 2285 705 2359 legat,
730 2285 918 2339 orabit.
997 2284 1226 2340 Multum
1245 2285 1432 2341 Nasica
1457 2293 1669 2358 negatas

482 2360 698 2430 accipiet
716 2360 948 2425 tandem,
976 2367 1026 2413 et
1045 2361 1233 2414 tacitus
1253 2359 1405 2433 leget,
1435 2360 1780 2431 invenietque

477 2435 553 2489 nil
575 2435 676 2488 sibi
701 2434 948 2507 legatum,
979 2443 1180 2506 praeter
1199 2434 1419 2506 plorare,
1452 2435 1693 2506 suisque.

482 2508 622 2562 Illud
641 2509 707 2561 ad
725 2509 854 2563 haec
874 2510 1055 2564 iubeo:
1099 2509 1290 2564 mulier
1310 2509 1357 2563 si
1375 2508 1504 2563 forte
1523 2509 1705 2563 dolosa

477 2581 762 2636 libertusve
783 2602 960 2639 senem
979 2585 1208 2640 delirum
1226 2592 1490 2656 temperet,
1516 2583 1622 2638 illis

481 2655 693 2707 accedas
713 2658 914 2723 socius;
952 2658 1153 2723 laudes,
1182 2659 1411 2714 lauderis
1430 2668 1492 2712 ut
1508 2660 1721 2714 absens.

483 2725 716 2782 Adiuvat
730 2729 830 2786 hoc
848 2749 1080 2805 quoque,
1110 2733 1205 2789 sed
1225 2735 1391 2792 vincit
1408 2734 1564 2809 longe
1588 2732 1769 2807 prius,
1808 2738 2004 2812 ipsum

464 2916 479 2929 .,

480 2942 499 2977 ἵ
