<?xml version="1.0" encoding="UTF-8"?>
<!DOCTYPE html PUBLIC "-//W3C//DTD XHTML 1.0 Transitional//EN"
    "http://www.w3.org/TR/xhtml1/DTD/xhtml1-transitional.dtd">
<html xmlns="http://www.w3.org/1999/xhtml" xml:lang="en" lang="en">
 <head>
  <title>
</title>
<meta http-equiv="Content-Type" content="text/html;charset=utf-8" />
  <meta name='ocr-system' content='tesseract 3.04.00' />
  <meta name='ocr-capabilities' content='ocr_page ocr_carea ocr_par ocr_line ocrx_word'/>
</head>
<body>
  <div class='ocr_page' id='page_1' title='image "./qhoratiiflaccio02weisgoog_0271.png"; bbox 0 0 2081 3169; ppageno 0'>
   <div class='ocr_carea' id='block_1_1' title="bbox 541 148 1620 207">
    <p class='ocr_par' dir='ltr' id='par_1_1' title="bbox 541 148 1620 207">
     <span class='ocr_line' id='line_1_1' title="bbox 541 148 1620 207; baseline 0 -4"><span class='ocrx_word' id='word_1_1' title='bbox 541 148 685 204; x_wconf 67' lang='grc' dir='ltr'>ΗΒ.</span> <span class='ocrx_word' id='word_1_2' title='bbox 724 158 768 203; x_wconf 85' lang='lat'>1.</span> <span class='ocrx_word' id='word_1_3' title='bbox 821 156 1071 203; x_wconf 76' lang='lat' dir='ltr'><strong>EPIST.</strong></span> <span class='ocrx_word' id='word_1_4' title='bbox 1111 158 1228 204; x_wconf 80' lang='lat' dir='ltr'>xv.</span> <span class='ocrx_word' id='word_1_5' title='bbox 1528 151 1620 207; x_wconf 68' lang='grc'>261</span> 
     </span>
    </p>
   </div>
   <div class='ocr_carea' id='block_1_2' title="bbox 118 257 1778 2509">
    <p class='ocr_par' dir='ltr' id='par_1_2' title="bbox 129 257 1514 331">
     <span class='ocr_line' id='line_1_2' title="bbox 129 257 1514 331; baseline -0.001 -15"><span class='ocrx_word' id='word_1_6' title='bbox 129 259 201 316; x_wconf 93' lang='lat' dir='ltr'>ad</span> <span class='ocrx_word' id='word_1_7' title='bbox 220 274 368 314; x_wconf 87' lang='lat' dir='ltr'>mare</span> <span class='ocrx_word' id='word_1_8' title='bbox 385 275 559 331; x_wconf 90' lang='lat' dir='ltr'>quum</span> <span class='ocrx_word' id='word_1_9' title='bbox 583 259 725 323; x_wconf 83' lang='lat' dir='ltr'>veni,</span> <span class='ocrx_word' id='word_1_10' title='bbox 748 275 1065 331; x_wconf 82' lang='lat' dir='ltr'>generosum</span> <span class='ocrx_word' id='word_1_11' title='bbox 1084 265 1133 311; x_wconf 86' lang='lat' dir='ltr'>et</span> <span class='ocrx_word' id='word_1_12' title='bbox 1151 257 1265 312; x_wconf 90' lang='lat' dir='ltr'>lene</span> <span class='ocrx_word' id='word_1_13' title='bbox 1283 260 1514 331; x_wconf 83' lang='lat' dir='ltr'>require,</span> 
     </span>
    </p>

    <p class='ocr_par' dir='ltr' id='par_1_3' title="bbox 129 332 1480 409">
     <span class='ocr_line' id='line_1_3' title="bbox 129 332 1480 409; baseline -0.003 -18"><span class='ocrx_word' id='word_1_14' title='bbox 129 334 281 409; x_wconf 89' lang='lat' dir='ltr'>quod</span> <span class='ocrx_word' id='word_1_15' title='bbox 300 350 455 389; x_wconf 87' lang='lat' dir='ltr'>curas</span> <span class='ocrx_word' id='word_1_16' title='bbox 480 334 676 406; x_wconf 83' lang='lat' dir='ltr'>abigat,</span> <span class='ocrx_word' id='word_1_17' title='bbox 700 332 846 405; x_wconf 92' lang='lat' dir='ltr'>quod</span> <span class='ocrx_word' id='word_1_18' title='bbox 864 349 989 387; x_wconf 91' lang='lat' dir='ltr'>cum</span> <span class='ocrx_word' id='word_1_19' title='bbox 1008 349 1103 403; x_wconf 90' lang='lat' dir='ltr'>spe</span> <span class='ocrx_word' id='word_1_20' title='bbox 1121 332 1285 386; x_wconf 89' lang='lat' dir='ltr'>divite</span> <span class='ocrx_word' id='word_1_21' title='bbox 1304 343 1480 389; x_wconf 87' lang='lat' dir='ltr'>manet</span> 
     </span>
    </p>

    <p class='ocr_par' dir='ltr' id='par_1_4' title="bbox 129 405 1778 480">
     <span class='ocr_line' id='line_1_4' title="bbox 129 405 1778 480; baseline -0.004 -15"><span class='ocrx_word' id='word_1_22' title='bbox 129 412 189 465; x_wconf 89' lang='lat' dir='ltr'>in</span> <span class='ocrx_word' id='word_1_23' title='bbox 210 427 377 464; x_wconf 88' lang='lat' dir='ltr'>venas</span> <span class='ocrx_word' id='word_1_24' title='bbox 397 409 746 480; x_wconf 85' lang='lat' dir='ltr'>animumque</span> <span class='ocrx_word' id='word_1_25' title='bbox 763 406 963 472; x_wconf 87' lang='lat' dir='ltr'>meum,</span> <span class='ocrx_word' id='word_1_26' title='bbox 993 405 1140 479; x_wconf 89' lang='lat' dir='ltr'>quod</span> <span class='ocrx_word' id='word_1_27' title='bbox 1159 407 1317 461; x_wconf 88' lang='lat' dir='ltr'>verba</span> <span class='ocrx_word' id='word_1_28' title='bbox 1347 409 1624 472; x_wconf 86' lang='lat' dir='ltr'>ministret,</span> <span class='ocrx_word' id='word_1_29' title='bbox 1687 417 1738 460; x_wconf 86' lang='lat'>20</span> <span class='ocrx_word' id='word_1_30' title='bbox 1757 434 1778 455; x_wconf 63' lang='lat' dir='ltr'>s</span> 
     </span>
    </p>

    <p class='ocr_par' dir='ltr' id='par_1_5' title="bbox 130 481 1529 557">
     <span class='ocr_line' id='line_1_5' title="bbox 130 481 1529 557; baseline -0.001 -19"><span class='ocrx_word' id='word_1_31' title='bbox 130 483 282 557; x_wconf 89' lang='lat' dir='ltr'>quod</span> <span class='ocrx_word' id='word_1_32' title='bbox 303 500 389 537; x_wconf 90' lang='lat' dir='ltr'>me</span> <span class='ocrx_word' id='word_1_33' title='bbox 406 484 648 538; x_wconf 82' lang='lat' dir='ltr'><strong>Lucanae</strong></span> <span class='ocrx_word' id='word_1_34' title='bbox 668 483 916 539; x_wconf 86' lang='lat' dir='ltr'>iuvenem</span> <span class='ocrx_word' id='word_1_35' title='bbox 937 481 1265 536; x_wconf 88' lang='lat' dir='ltr'>commendet</span> <span class='ocrx_word' id='word_1_36' title='bbox 1284 481 1529 553; x_wconf 84' lang='lat' dir='ltr'>amicae3)</span> 
     </span>
    </p>

    <p class='ocr_par' dir='ltr' id='par_1_6' title="bbox 129 556 1440 639">
     <span class='ocr_line' id='line_1_6' title="bbox 129 556 1440 639; baseline -0.002 -25"><span class='ocrx_word' id='word_1_37' title='bbox 129 565 331 614; x_wconf 88' lang='lat' dir='ltr'>tractus</span> <span class='ocrx_word' id='word_1_38' title='bbox 349 564 465 611; x_wconf 88' lang='lat' dir='ltr'>uter</span> <span class='ocrx_word' id='word_1_39' title='bbox 481 557 662 639; x_wconf 91' lang='lat' dir='ltr'>plures</span> <span class='ocrx_word' id='word_1_40' title='bbox 684 557 902 629; x_wconf 81' lang='lat' dir='ltr'>leporeS,</span> <span class='ocrx_word' id='word_1_41' title='bbox 923 564 1039 612; x_wconf 86' lang='lat' dir='ltr'>uter</span> <span class='ocrx_word' id='word_1_42' title='bbox 1058 556 1241 611; x_wconf 85' lang='lat' dir='ltr'>educet</span> <span class='ocrx_word' id='word_1_43' title='bbox 1268 574 1440 628; x_wconf 74' lang='lat' dir='ltr'>apr03,</span> 
     </span>
    </p>

    <p class='ocr_par' dir='ltr' id='par_1_7' title="bbox 132 631 1400 706">
     <span class='ocr_line' id='line_1_7' title="bbox 132 631 1400 706; baseline -0.003 -17"><span class='ocrx_word' id='word_1_44' title='bbox 132 642 256 689; x_wconf 87' lang='lat' dir='ltr'>utra</span> <span class='ocrx_word' id='word_1_45' title='bbox 276 632 450 706; x_wconf 82' lang='lat' dir='ltr'>magis</span> <span class='ocrx_word' id='word_1_46' title='bbox 468 632 639 703; x_wconf 88' lang='lat' dir='ltr'>pisces</span> <span class='ocrx_word' id='word_1_47' title='bbox 657 639 708 686; x_wconf 90' lang='lat' dir='ltr'>et</span> <span class='ocrx_word' id='word_1_48' title='bbox 725 632 940 687; x_wconf 84' lang='lat' dir='ltr'><strong>echinos</strong></span> <span class='ocrx_word' id='word_1_49' title='bbox 961 648 1185 703; x_wconf 87' lang='lat' dir='ltr'>aequora</span> <span class='ocrx_word' id='word_1_50' title='bbox 1206 631 1400 697; x_wconf 88' lang='lat' dir='ltr'>celent,</span> 
     </span>
    </p>

    <p class='ocr_par' dir='ltr' id='par_1_8' title="bbox 128 707 1638 782">
     <span class='ocr_line' id='line_1_8' title="bbox 128 707 1638 782; baseline -0.002 -20"><span class='ocrx_word' id='word_1_51' title='bbox 128 708 357 782; x_wconf 84' lang='lat' dir='ltr'>pinguis</span> <span class='ocrx_word' id='word_1_52' title='bbox 377 715 437 760; x_wconf 90' lang='lat' dir='ltr'>ut</span> <span class='ocrx_word' id='word_1_53' title='bbox 456 707 578 761; x_wconf 91' lang='lat' dir='ltr'>inde</span> <span class='ocrx_word' id='word_1_54' title='bbox 596 707 816 762; x_wconf 92' lang='lat' dir='ltr'>domum</span> <span class='ocrx_word' id='word_1_55' title='bbox 835 708 1036 778; x_wconf 91' lang='lat' dir='ltr'>possim</span> <span class='ocrx_word' id='word_1_56' title='bbox 1056 707 1370 779; x_wconf 83' lang='lat' dir='ltr'>Phaeaxque</span> <span class='ocrx_word' id='word_1_57' title='bbox 1390 707 1595 770; x_wconf 80' lang='lat' dir='ltr'>reverti,</span> <span class='ocrx_word' id='word_1_58' title='bbox 1635 741 1638 744; x_wconf 33' lang='grc' dir='ltr'>ι</span> 
     </span>
    </p>

    <p class='ocr_par' dir='ltr' id='par_1_9' title="bbox 130 781 1743 852">
     <span class='ocr_line' id='line_1_9' title="bbox 130 781 1743 852; baseline -0.003 -14"><span class='ocrx_word' id='word_1_59' title='bbox 130 784 366 839; x_wconf 88' lang='lat' dir='ltr'>scribere</span> <span class='ocrx_word' id='word_1_60' title='bbox 383 789 432 836; x_wconf 88' lang='lat' dir='ltr'>te</span> <span class='ocrx_word' id='word_1_61' title='bbox 451 782 624 847; x_wconf 77' lang='lat' dir='ltr'>nobiS,</span> <span class='ocrx_word' id='word_1_62' title='bbox 648 782 745 836; x_wconf 84' lang='lat' dir='ltr'>tibi</span> <span class='ocrx_word' id='word_1_63' title='bbox 766 799 861 836; x_wconf 91' lang='lat' dir='ltr'>nos</span> <span class='ocrx_word' id='word_1_64' title='bbox 879 781 1144 836; x_wconf 89' lang='lat' dir='ltr'>accredere</span> <span class='ocrx_word' id='word_1_65' title='bbox 1161 799 1257 852; x_wconf 91' lang='lat' dir='ltr'>par</span> <span class='ocrx_word' id='word_1_66' title='bbox 1281 785 1377 836; x_wconf 88' lang='lat' dir='ltr'>est.</span> <span class='ocrx_word' id='word_1_67' title='bbox 1690 790 1743 834; x_wconf 82' lang='lat'>25</span> 
     </span>
    </p>

    <p class='ocr_par' dir='ltr' id='par_1_10' title="bbox 128 853 1355 928">
     <span class='ocr_line' id='line_1_10' title="bbox 128 853 1355 928; baseline -0.002 -15"><span class='ocrx_word' id='word_1_68' title='bbox 128 853 398 920; x_wconf 72' lang='lat' dir='ltr'>Maenius,</span> <span class='ocrx_word' id='word_1_69' title='bbox 421 863 482 911; x_wconf 87' lang='lat' dir='ltr'>ut</span> <span class='ocrx_word' id='word_1_70' title='bbox 501 856 660 911; x_wconf 88' lang='lat' dir='ltr'>rebus</span> <span class='ocrx_word' id='word_1_71' title='bbox 680 857 929 911; x_wconf 80' lang='lat' dir='ltr'>maternis</span> <span class='ocrx_word' id='word_1_72' title='bbox 948 864 1107 928; x_wconf 77' lang='lat' dir='ltr'>atque</span> <span class='ocrx_word' id='word_1_73' title='bbox 1125 858 1355 927; x_wconf 84' lang='lat' dir='ltr'>paternis</span> 
     </span>
    </p>

    <p class='ocr_par' dir='ltr' id='par_1_11' title="bbox 128 930 1279 1003">
     <span class='ocr_line' id='line_1_11' title="bbox 128 930 1279 1003; baseline -0.001 -16"><span class='ocrx_word' id='word_1_74' title='bbox 128 933 336 989; x_wconf 88' lang='lat' dir='ltr'>fortiter</span> <span class='ocrx_word' id='word_1_75' title='bbox 353 930 615 986; x_wconf 88' lang='lat' dir='ltr'>absumtis</span> <span class='ocrx_word' id='word_1_76' title='bbox 632 932 871 986; x_wconf 88' lang='lat' dir='ltr'>urbanus</span> <span class='ocrx_word' id='word_1_77' title='bbox 889 932 1059 1003; x_wconf 80' lang='lat' dir='ltr'>coepit</span> <span class='ocrx_word' id='word_1_78' title='bbox 1077 931 1279 996; x_wconf 88' lang='lat' dir='ltr'>haberi,</span> 
     </span>
    </p>

    <p class='ocr_par' dir='ltr' id='par_1_12' title="bbox 127 1008 1578 1082">
     <span class='ocr_line' id='line_1_12' title="bbox 127 1008 1578 1082; baseline -0.001 -19"><span class='ocrx_word' id='word_1_79' title='bbox 127 1025 321 1063; x_wconf 87' lang='lat' dir='ltr'>scurra</span> <span class='ocrx_word' id='word_1_80' title='bbox 340 1023 529 1079; x_wconf 83' lang='lat' dir='ltr'>vagus,</span> <span class='ocrx_word' id='word_1_81' title='bbox 554 1023 662 1061; x_wconf 88' lang='lat' dir='ltr'>non</span> <span class='ocrx_word' id='word_1_82' title='bbox 681 1008 779 1082; x_wconf 91' lang='lat' dir='ltr'>qui</span> <span class='ocrx_word' id='word_1_83' title='bbox 802 1014 1003 1062; x_wconf 85' lang='lat' dir='ltr'>certum</span> <span class='ocrx_word' id='word_1_84' title='bbox 1020 1024 1270 1079; x_wconf 86' lang='lat' dir='ltr'>praesepe</span> <span class='ocrx_word' id='word_1_85' title='bbox 1295 1015 1504 1073; x_wconf 84' lang='lat' dir='ltr'>teneret,</span> <span class='ocrx_word' id='word_1_86' title='bbox 1575 1047 1578 1050; x_wconf 48' lang='lat'><strong>&gt;</strong></span> 
     </span>
    </p>

    <p class='ocr_par' dir='ltr' id='par_1_13' title="bbox 127 1082 1405 1156">
     <span class='ocr_line' id='line_1_13' title="bbox 127 1082 1405 1156; baseline -0.001 -18"><span class='ocrx_word' id='word_1_87' title='bbox 127 1085 445 1153; x_wconf 83' lang='lat' dir='ltr'>impransus</span> <span class='ocrx_word' id='word_1_88' title='bbox 464 1099 571 1137; x_wconf 91' lang='lat' dir='ltr'>non</span> <span class='ocrx_word' id='word_1_89' title='bbox 590 1082 687 1153; x_wconf 89' lang='lat' dir='ltr'>qui</span> <span class='ocrx_word' id='word_1_90' title='bbox 706 1082 877 1137; x_wconf 86' lang='lat' dir='ltr'>civem</span> <span class='ocrx_word' id='word_1_91' title='bbox 896 1082 1224 1156; x_wconf 82' lang='lat' dir='ltr'>dignosceret</span> <span class='ocrx_word' id='word_1_92' title='bbox 1242 1084 1405 1148; x_wconf 80' lang='lat' dir='ltr'>hoste,</span> 
     </span>
    </p>

    <p class='ocr_par' dir='ltr' id='par_1_14' title="bbox 128 1156 1740 1233">
     <span class='ocr_line' id='line_1_14' title="bbox 128 1156 1740 1233; baseline -0.002 -21"><span class='ocrx_word' id='word_1_93' title='bbox 128 1156 406 1232; x_wconf 87' lang='lat' dir='ltr'>quaelibet</span> <span class='ocrx_word' id='word_1_94' title='bbox 425 1156 482 1210; x_wconf 91' lang='lat' dir='ltr'>in</span> <span class='ocrx_word' id='word_1_95' title='bbox 502 1157 748 1227; x_wconf 86' lang='lat' dir='ltr'>quemvis</span> <span class='ocrx_word' id='word_1_96' title='bbox 766 1158 1046 1229; x_wconf 87' lang='lat' dir='ltr'>opprobria</span> <span class='ocrx_word' id='word_1_97' title='bbox 1069 1159 1267 1233; x_wconf 83' lang='lat' dir='ltr'>fingere</span> <span class='ocrx_word' id='word_1_98' title='bbox 1284 1177 1495 1225; x_wconf 80' lang='lat' dir='ltr'>saevuS,</span> <span class='ocrx_word' id='word_1_99' title='bbox 1688 1167 1740 1209; x_wconf 84' lang='lat'>30</span> 
     </span>
    </p>

    <p class='ocr_par' dir='ltr' id='par_1_15' title="bbox 126 1230 1442 1307">
     <span class='ocr_line' id='line_1_15' title="bbox 126 1230 1442 1307; baseline 0.001 -21"><span class='ocrx_word' id='word_1_100' title='bbox 126 1230 398 1307; x_wconf 79' lang='lat' dir='ltr'>pernicies</span> <span class='ocrx_word' id='word_1_101' title='bbox 416 1238 467 1285; x_wconf 89' lang='lat' dir='ltr'>et</span> <span class='ocrx_word' id='word_1_102' title='bbox 482 1238 762 1302; x_wconf 78' lang='lat' dir='ltr'>tempestas</span> <span class='ocrx_word' id='word_1_103' title='bbox 780 1232 1197 1305; x_wconf 82' lang='lat' dir='ltr'>barathrumque</span> <span class='ocrx_word' id='word_1_104' title='bbox 1217 1234 1442 1299; x_wconf 88' lang='lat' dir='ltr'>macelli,</span> 
     </span>
    </p>

    <p class='ocr_par' dir='ltr' id='par_1_16' title="bbox 129 1306 1381 1381">
     <span class='ocr_line' id='line_1_16' title="bbox 129 1306 1381 1381; baseline 0.001 -20"><span class='ocrx_word' id='word_1_105' title='bbox 129 1306 411 1381; x_wconf 82' lang='lat' dir='ltr'>quidquid</span> <span class='ocrx_word' id='word_1_106' title='bbox 427 1306 739 1378; x_wconf 87' lang='lat' dir='ltr'>quaesierat,</span> <span class='ocrx_word' id='word_1_107' title='bbox 765 1308 937 1363; x_wconf 84' lang='lat' dir='ltr'>ventri</span> <span class='ocrx_word' id='word_1_108' title='bbox 957 1307 1185 1362; x_wconf 85' lang='lat' dir='ltr'>donabat</span> <span class='ocrx_word' id='word_1_109' title='bbox 1204 1326 1381 1363; x_wconf 86' lang='lat' dir='ltr'>avaro.</span> 
     </span>
    </p>

    <p class='ocr_par' dir='ltr' id='par_1_17' title="bbox 130 1380 1358 1452">
     <span class='ocr_line' id='line_1_17' title="bbox 130 1380 1358 1452; baseline -0.002 -14"><span class='ocrx_word' id='word_1_110' title='bbox 130 1383 254 1447; x_wconf 84' lang='lat' dir='ltr'>Hic,</span> <span class='ocrx_word' id='word_1_111' title='bbox 279 1381 376 1436; x_wconf 89' lang='lat' dir='ltr'>ubi</span> <span class='ocrx_word' id='word_1_112' title='bbox 397 1381 660 1452; x_wconf 84' lang='lat' dir='ltr'>nequitiae</span> <span class='ocrx_word' id='word_1_113' title='bbox 679 1380 973 1438; x_wconf 81' lang='lat' dir='ltr'>fautoribus</span> <span class='ocrx_word' id='word_1_114' title='bbox 993 1389 1043 1437; x_wconf 87' lang='lat' dir='ltr'>et</span> <span class='ocrx_word' id='word_1_115' title='bbox 1059 1382 1263 1436; x_wconf 90' lang='lat' dir='ltr'>timidis</span> <span class='ocrx_word' id='word_1_116' title='bbox 1280 1381 1358 1436; x_wconf 92' lang='lat' dir='ltr'>nil</span> 
     </span>
    </p>

    <p class='ocr_par' dir='ltr' id='par_1_18' title="bbox 133 1455 1496 1528">
     <span class='ocr_line' id='line_1_18' title="bbox 133 1455 1496 1528; baseline -0.003 -15"><span class='ocrx_word' id='word_1_117' title='bbox 133 1464 232 1513; x_wconf 84' lang='lat' dir='ltr'>aut</span> <span class='ocrx_word' id='word_1_118' title='bbox 248 1455 492 1528; x_wconf 87' lang='lat' dir='ltr'>paullum</span> <span class='ocrx_word' id='word_1_119' title='bbox 513 1455 814 1522; x_wconf 84' lang='lat' dir='ltr'>abstulerat,</span> <span class='ocrx_word' id='word_1_120' title='bbox 837 1458 1044 1528; x_wconf 86' lang='lat' dir='ltr'>patinas</span> <span class='ocrx_word' id='word_1_121' title='bbox 1062 1457 1311 1511; x_wconf 86' lang='lat' dir='ltr'>coenabat</span> <span class='ocrx_word' id='word_1_122' title='bbox 1328 1458 1496 1511; x_wconf 90' lang='lat' dir='ltr'>omasi</span> 
     </span>
    </p>

    <p class='ocr_par' dir='ltr' id='par_1_19' title="bbox 131 1531 1745 1604">
     <span class='ocr_line' id='line_1_19' title="bbox 131 1531 1745 1604; baseline -0.002 -16"><span class='ocrx_word' id='word_1_123' title='bbox 131 1531 266 1589; x_wconf 84' lang='lat' dir='ltr'>vilis</span> <span class='ocrx_word' id='word_1_124' title='bbox 286 1538 340 1586; x_wconf 87' lang='lat' dir='ltr'>et</span> <span class='ocrx_word' id='word_1_125' title='bbox 355 1531 600 1604; x_wconf 63' lang='lat' dir='ltr'>agninae„</span> <span class='ocrx_word' id='word_1_126' title='bbox 620 1532 793 1588; x_wconf 85' lang='lat' dir='ltr'>tribus</span> <span class='ocrx_word' id='word_1_127' title='bbox 812 1533 953 1587; x_wconf 83' lang='lat' dir='ltr'>ursis</span> <span class='ocrx_word' id='word_1_128' title='bbox 975 1532 1122 1604; x_wconf 89' lang='lat' dir='ltr'>quod</span> <span class='ocrx_word' id='word_1_129' title='bbox 1140 1532 1267 1601; x_wconf 79' lang='lat' dir='ltr'>satis</span> <span class='ocrx_word' id='word_1_130' title='bbox 1286 1538 1445 1600; x_wconf 83' lang='lat' dir='ltr'>esset3</span> <span class='ocrx_word' id='word_1_131' title='bbox 1693 1540 1745 1584; x_wconf 81' lang='lat'>35</span> 
     </span>
    </p>

    <p class='ocr_par' dir='ltr' id='par_1_20' title="bbox 133 1606 1388 1678">
     <span class='ocr_line' id='line_1_20' title="bbox 133 1606 1388 1678; baseline -0.003 -14"><span class='ocrx_word' id='word_1_132' title='bbox 133 1607 344 1664; x_wconf 86' lang='lat' dir='ltr'>scilicet</span> <span class='ocrx_word' id='word_1_133' title='bbox 361 1613 422 1661; x_wconf 86' lang='lat' dir='ltr'>ut</span> <span class='ocrx_word' id='word_1_134' title='bbox 438 1614 647 1662; x_wconf 87' lang='lat' dir='ltr'>ventres</span> <span class='ocrx_word' id='word_1_135' title='bbox 667 1606 844 1662; x_wconf 85' lang='lat' dir='ltr'>lamna</span> <span class='ocrx_word' id='word_1_136' title='bbox 864 1607 1117 1663; x_wconf 89' lang='lat' dir='ltr'>candente</span> <span class='ocrx_word' id='word_1_137' title='bbox 1136 1614 1388 1678; x_wconf 85' lang='lat' dir='ltr'>nepotum</span> 
     </span>
    </p>

    <p class='ocr_par' dir='ltr' id='par_1_21' title="bbox 131 1682 1319 1740">
     <span class='ocr_line' id='line_1_21' title="bbox 131 1682 1319 1740; baseline -0.004 0"><span class='ocrx_word' id='word_1_138' title='bbox 131 1684 338 1740; x_wconf 83' lang='lat' dir='ltr'>diceret</span> <span class='ocrx_word' id='word_1_139' title='bbox 351 1682 580 1737; x_wconf 86' lang='lat' dir='ltr'>urendos</span> <span class='ocrx_word' id='word_1_140' title='bbox 598 1689 851 1738; x_wconf 85' lang='lat' dir='ltr'>corrector</span> <span class='ocrx_word' id='word_1_141' title='bbox 870 1683 1095 1738; x_wconf 62' lang='lat' dir='ltr'>Bestius„</span> <span class='ocrx_word' id='word_1_142' title='bbox 1174 1682 1319 1736; x_wconf 86' lang='lat' dir='ltr'>Idem</span> 
     </span>
    </p>

    <p class='ocr_par' dir='ltr' id='par_1_22' title="bbox 129 1756 1535 1833">
     <span class='ocr_line' id='line_1_22' title="bbox 129 1756 1535 1833; baseline -0.001 -21"><span class='ocrx_word' id='word_1_143' title='bbox 129 1756 414 1833; x_wconf 85' lang='lat' dir='ltr'>quidquid</span> <span class='ocrx_word' id='word_1_144' title='bbox 430 1765 540 1812; x_wconf 80' lang='lat' dir='ltr'>erat</span> <span class='ocrx_word' id='word_1_145' title='bbox 556 1763 742 1813; x_wconf 83' lang='lat' dir='ltr'>nactus</span> <span class='ocrx_word' id='word_1_146' title='bbox 759 1758 981 1829; x_wconf 87' lang='lat' dir='ltr'>praedae</span> <span class='ocrx_word' id='word_1_147' title='bbox 1001 1757 1233 1822; x_wconf 81' lang='lat' dir='ltr'>maioriS,</span> <span class='ocrx_word' id='word_1_148' title='bbox 1264 1757 1359 1812; x_wconf 91' lang='lat' dir='ltr'>ubi</span> <span class='ocrx_word' id='word_1_149' title='bbox 1379 1774 1535 1811; x_wconf 90' lang='lat' dir='ltr'>omne</span> 
     </span>
    </p>

    <p class='ocr_par' dir='ltr' id='par_1_23' title="bbox 131 1831 1639 1976">
     <span class='ocr_line' id='line_1_23' title="bbox 131 1831 1639 1899; baseline -0.003 -8"><span class='ocrx_word' id='word_1_150' title='bbox 131 1838 367 1891; x_wconf 83' lang='lat' dir='ltr'>verterat</span> <span class='ocrx_word' id='word_1_151' title='bbox 395 1832 453 1887; x_wconf 90' lang='lat' dir='ltr'>in</span> <span class='ocrx_word' id='word_1_152' title='bbox 480 1831 694 1889; x_wconf 86' lang='lat' dir='ltr'>fumum</span> <span class='ocrx_word' id='word_1_153' title='bbox 718 1840 770 1888; x_wconf 87' lang='lat' dir='ltr'>et</span> <span class='ocrx_word' id='word_1_154' title='bbox 787 1834 1015 1889; x_wconf 89' lang='lat' dir='ltr'>cinerem</span> <span class='ocrx_word' id='word_1_155' title='bbox 1029 1877 1042 1899; x_wconf 90' lang='lat'>‚</span> <span class='ocrx_word' id='word_1_156' title='bbox 1092 1835 1247 1889; x_wconf 90' lang='lat' dir='ltr'>»Non</span> <span class='ocrx_word' id='word_1_157' title='bbox 1284 1831 1497 1888; x_wconf 91' lang='lat' dir='ltr'>hercule</span> <span class='ocrx_word' id='word_1_158' title='bbox 1534 1832 1639 1887; x_wconf 91' lang='lat' dir='ltr'>mi-</span> 
     </span>
     <span class='ocr_line' id='line_1_24' title="bbox 1134 1928 1280 1976; baseline 0 -12"><span class='ocrx_word' id='word_1_159' title='bbox 1134 1928 1239 1976; x_wconf 89' lang='lat' dir='ltr'>ror,</span> <span class='ocrx_word' id='word_1_160' title='bbox 1254 1930 1280 1964; x_wconf 83' lang='grc' dir='ltr'><strong>α</strong></span> 
     </span>
    </p>

    <p class='ocr_par' dir='ltr' id='par_1_24' title="bbox 125 1981 1746 2057">
     <span class='ocr_line' id='line_1_25' title="bbox 125 1981 1746 2057; baseline -0.003 -14"><span class='ocrx_word' id='word_1_161' title='bbox 125 1984 332 2048; x_wconf 80' lang='lat' dir='ltr'>aiebat,</span> <span class='ocrx_word' id='word_1_162' title='bbox 354 1981 437 2036; x_wconf 82' lang='lat' dir='ltr'>»si</span> <span class='ocrx_word' id='word_1_163' title='bbox 456 1983 553 2054; x_wconf 90' lang='lat' dir='ltr'>qui</span> <span class='ocrx_word' id='word_1_164' title='bbox 571 1982 855 2040; x_wconf 83' lang='lat' dir='ltr'>comedunt</span> <span class='ocrx_word' id='word_1_165' title='bbox 870 1984 1025 2050; x_wconf 88' lang='lat' dir='ltr'>bona,</span> <span class='ocrx_word' id='word_1_166' title='bbox 1051 2002 1223 2057; x_wconf 91' lang='lat' dir='ltr'>quum</span> <span class='ocrx_word' id='word_1_167' title='bbox 1241 1986 1311 2041; x_wconf 88' lang='lat' dir='ltr'>sit</span> <span class='ocrx_word' id='word_1_168' title='bbox 1328 1985 1486 2040; x_wconf 88' lang='lat' dir='ltr'>obeso</span> <span class='ocrx_word' id='word_1_169' title='bbox 1694 1988 1746 2033; x_wconf 79' lang='lat'>40</span> 
     </span>
    </p>

    <p class='ocr_par' dir='ltr' id='par_1_25' title="bbox 123 2056 1501 2132">
     <span class='ocr_line' id='line_1_26' title="bbox 123 2056 1501 2132; baseline -0.004 -15"><span class='ocrx_word' id='word_1_170' title='bbox 123 2059 253 2118; x_wconf 72' lang='lat' dir='ltr'>»nil</span> <span class='ocrx_word' id='word_1_171' title='bbox 273 2056 471 2119; x_wconf 85' lang='lat' dir='ltr'>melius</span> <span class='ocrx_word' id='word_1_172' title='bbox 492 2057 665 2123; x_wconf 83' lang='lat' dir='ltr'>turdo,</span> <span class='ocrx_word' id='word_1_173' title='bbox 690 2057 768 2113; x_wconf 92' lang='lat' dir='ltr'>nil</span> <span class='ocrx_word' id='word_1_174' title='bbox 788 2059 951 2116; x_wconf 84' lang='lat' dir='ltr'>vulva</span> <span class='ocrx_word' id='word_1_175' title='bbox 970 2060 1247 2132; x_wconf 86' lang='lat' dir='ltr'>pulchrius</span> <span class='ocrx_word' id='word_1_176' title='bbox 1267 2059 1501 2130; x_wconf 56' lang='lat' dir='ltr'>ampla«</span> 
     </span>
    </p>

    <p class='ocr_par' dir='ltr' id='par_1_26' title="bbox 122 2132 1620 2206">
     <span class='ocr_line' id='line_1_27' title="bbox 122 2132 1620 2206; baseline -0.007 -11"><span class='ocrx_word' id='word_1_177' title='bbox 122 2134 413 2195; x_wconf 89' lang='lat' dir='ltr'>Nimirum</span> <span class='ocrx_word' id='word_1_178' title='bbox 434 2133 524 2188; x_wconf 89' lang='lat' dir='ltr'>bio</span> <span class='ocrx_word' id='word_1_179' title='bbox 545 2150 644 2206; x_wconf 80' lang='lat' dir='ltr'>ego</span> <span class='ocrx_word' id='word_1_180' title='bbox 662 2151 812 2202; x_wconf 83' lang='lat' dir='ltr'>sum3</span> <span class='ocrx_word' id='word_1_181' title='bbox 856 2153 981 2190; x_wconf 91' lang='lat' dir='ltr'>nam</span> <span class='ocrx_word' id='word_1_182' title='bbox 1000 2143 1112 2189; x_wconf 87' lang='lat' dir='ltr'>tuta</span> <span class='ocrx_word' id='word_1_183' title='bbox 1131 2142 1182 2189; x_wconf 91' lang='lat' dir='ltr'>et</span> <span class='ocrx_word' id='word_1_184' title='bbox 1204 2133 1426 2204; x_wconf 81' lang='lat' dir='ltr'>parvula</span> <span class='ocrx_word' id='word_1_185' title='bbox 1446 2132 1620 2195; x_wconf 83' lang='lat' dir='ltr'>laudo,</span> 
     </span>
    </p>

    <p class='ocr_par' dir='ltr' id='par_1_27' title="bbox 122 2206 1350 2287">
     <span class='ocr_line' id='line_1_28' title="bbox 122 2206 1350 2287; baseline -0.007 -20"><span class='ocrx_word' id='word_1_186' title='bbox 122 2227 316 2287; x_wconf 88' lang='lat' dir='ltr'>quum</span> <span class='ocrx_word' id='word_1_187' title='bbox 338 2224 423 2263; x_wconf 84' lang='lat' dir='ltr'>res</span> <span class='ocrx_word' id='word_1_188' title='bbox 441 2207 710 2274; x_wconf 86' lang='lat' dir='ltr'>deficiunt,</span> <span class='ocrx_word' id='word_1_189' title='bbox 735 2211 862 2264; x_wconf 88' lang='lat' dir='ltr'>satis</span> <span class='ocrx_word' id='word_1_190' title='bbox 882 2210 1016 2264; x_wconf 84' lang='lat' dir='ltr'>inter</span> <span class='ocrx_word' id='word_1_191' title='bbox 1034 2207 1165 2262; x_wconf 84' lang='lat' dir='ltr'>vilia</span> <span class='ocrx_word' id='word_1_192' title='bbox 1183 2206 1350 2261; x_wconf 80' lang='lat' dir='ltr'>fortis.</span> 
     </span>
    </p>

    <p class='ocr_par' dir='ltr' id='par_1_28' title="bbox 123 2279 1590 2355">
     <span class='ocr_line' id='line_1_29' title="bbox 123 2279 1590 2355; baseline -0.008 -9"><span class='ocrx_word' id='word_1_193' title='bbox 123 2291 344 2346; x_wconf 82' lang='lat' dir='ltr'>Verum</span> <span class='ocrx_word' id='word_1_194' title='bbox 361 2282 459 2337; x_wconf 91' lang='lat' dir='ltr'>ubi</span> <span class='ocrx_word' id='word_1_195' title='bbox 479 2282 615 2354; x_wconf 92' lang='lat' dir='ltr'>quid</span> <span class='ocrx_word' id='word_1_196' title='bbox 632 2282 826 2338; x_wconf 86' lang='lat' dir='ltr'>melius</span> <span class='ocrx_word' id='word_1_197' title='bbox 846 2283 1104 2355; x_wconf 82' lang='lat' dir='ltr'>contingit</span> <span class='ocrx_word' id='word_1_198' title='bbox 1119 2288 1170 2336; x_wconf 87' lang='lat' dir='ltr'>et</span> <span class='ocrx_word' id='word_1_199' title='bbox 1194 2280 1424 2343; x_wconf 87' lang='lat' dir='ltr'>unctius,</span> <span class='ocrx_word' id='word_1_200' title='bbox 1449 2279 1590 2334; x_wconf 88' lang='lat' dir='ltr'>idem</span> 
     </span>
    </p>

    <p class='ocr_par' dir='ltr' id='par_1_29' title="bbox 120 2357 1749 2430">
     <span class='ocr_line' id='line_1_30' title="bbox 120 2357 1749 2430; baseline -0.008 -13"><span class='ocrx_word' id='word_1_201' title='bbox 120 2382 228 2421; x_wconf 87' lang='lat' dir='ltr'>vos</span> <span class='ocrx_word' id='word_1_202' title='bbox 253 2375 442 2430; x_wconf 86' lang='lat' dir='ltr'>sapere</span> <span class='ocrx_word' id='word_1_203' title='bbox 461 2365 511 2412; x_wconf 84' lang='lat' dir='ltr'>et</span> <span class='ocrx_word' id='word_1_204' title='bbox 535 2358 674 2413; x_wconf 90' lang='lat' dir='ltr'>solos</span> <span class='ocrx_word' id='word_1_205' title='bbox 694 2360 777 2414; x_wconf 85' lang='lat' dir='ltr'>aio</span> <span class='ocrx_word' id='word_1_206' title='bbox 795 2359 928 2414; x_wconf 87' lang='lat' dir='ltr'>bene</span> <span class='ocrx_word' id='word_1_207' title='bbox 947 2357 1144 2420; x_wconf 83' lang='lat' dir='ltr'>vivere,</span> <span class='ocrx_word' id='word_1_208' title='bbox 1168 2370 1400 2426; x_wconf 90' lang='lat' dir='ltr'>quorum</span> <span class='ocrx_word' id='word_1_209' title='bbox 1696 2357 1749 2405; x_wconf 79' lang='lat'>45</span> 
     </span>
    </p>

    <p class='ocr_par' dir='ltr' id='par_1_30' title="bbox 118 2428 1334 2509">
     <span class='ocr_line' id='line_1_31' title="bbox 118 2428 1334 2509; baseline -0.01 -15"><span class='ocrx_word' id='word_1_210' title='bbox 118 2433 464 2509; x_wconf 83' lang='lat' dir='ltr'>conspicitur</span> <span class='ocrx_word' id='word_1_211' title='bbox 491 2433 675 2488; x_wconf 86' lang='lat' dir='ltr'>nitidis</span> <span class='ocrx_word' id='word_1_212' title='bbox 692 2432 909 2490; x_wconf 85' lang='lat' dir='ltr'>fundata</span> <span class='ocrx_word' id='word_1_213' title='bbox 927 2430 1152 2505; x_wconf 88' lang='lat' dir='ltr'>pecunia</span> <span class='ocrx_word' id='word_1_214' title='bbox 1172 2428 1334 2487; x_wconf 84' lang='lat' dir='ltr'>villis.</span> 
     </span>
    </p>
   </div>
  </div>
 </body>
</html>
