2081 3169
397 246 462 298 68
946 230 1350 282 oDARUM

473 344 629 413 Quod
646 343 692 397 si
710 340 970 395 dolentem
992 352 1090 390 nec
1106 331 1375 416 Phrygius
1395 326 1530 400 lapis

476 439 572 477 nec
589 431 948 491 purpurarum
966 410 1136 464 sidere
1153 406 1338 460 clarior

549 493 744 549 delenit
763 508 913 550 usuS,
940 502 1035 539 nec
1054 482 1274 537 Falerna

627 568 769 631 vitis,
794 558 1315 628 Achaemeniumque
1333 560 1536 608 costum
1552 573 1565 618 ,·

295 676 348 722 45
479 681 575 717 cur
596 655 898 714 invidendis
916 650 1159 723 postibus
1179 656 1229 701 et
1250 663 1386 701 novo

482 736 712 793 sublime
731 732 836 786 ritu
853 726 1040 782 moliar
1061 724 1253 777 atrium
1265 720 1294 772 ‘?

559 828 654 865 cur
672 806 808 862 valle
825 807 1120 876 permutem
1140 797 1334 851 Sabina

565 951 573 957 ‚
634 882 848 939 divitias
867 871 1225 949 operosiores‘?

909 1072 1195 1133 ODE
1311 1068 1414 1124 11.

805 1196 932 1239 AD
1043 1182 1503 1235 PUERos.

688 1410 757 1442 tur
782 1400 953 1438 virtutes
982 1408 1106 1447 quum
1131 1392 1299 1430 bellicae
1325 1397 1411 1427 tum
1436 1388 1629 1431 morales,
1667 1397 1768 1435 quae
1800 1384 1922 1420 bonon

750 1465 951 1513 utilesque
970 1461 1076 1498 cives
1096 1458 1277 1496 reddant.
1327 1457 1449 1492 Metr.
1469 1452 1585 1488 XVI.

420 1409 686 1451 Commendan

496 1565 808 1644 Angustam
829 1564 994 1619 amice
1012 1559 1319 1633 pauperiem
1343 1554 1452 1627 pati

498 1649 748 1702 robustus
768 1640 873 1696 acri
894 1637 1084 1692 militia
1110 1651 1242 1706 puer

575 1719 858 1779 condiscat,
881 1721 931 1767 et
948 1711 1167 1765 Parthos
1188 1708 1379 1761 feroces
1442 1734 1448 1741 -

651 1798 806 1849 vexet
823 1805 986 1860 eques
1007 1782 1321 1838 metuendus
1339 1780 1504 1839 hasta,

317 1907 341 1948 5
503 1892 773 1956 vitamque
793 1881 896 1935 sub
916 1879 1040 1931 divo
1060 1883 1109 1928 et
1126 1871 1344 1943 trepidis
1364 1878 1483 1940 agat

504 1967 558 2019 in
577 1964 754 2016 rebus,
834 1955 993 2010 Illum
1014 1970 1081 2005 ex
1101 1947 1379 2020 moenibus
1405 1942 1617 1997 hosticis

577 2044 812 2091 matrona
832 2028 1077 2088 bellantis
1096 2022 1307 2097 tyranni

653 2106 977 2182 prospiciens
995 2109 1047 2155 et
1066 2098 1241 2154 adulta
1268 2097 1435 2167 virgo,

509 2203 760 2274 suspiret:
803 2196 966 2252 eheul
1009 2210 1077 2246 ne
1095 2189 1246 2245 rudis
1264 2185 1545 2259 agminum

326 2297 376 2336 10
509 2295 735 2350 sponsus
756 2275 973 2327 lacessat
991 2268 1171 2341 regius
1196 2277 1443 2334 asperum

584 2359 722 2406 tactu
744 2349 964 2408 leonem,
988 2358 1151 2415 quem
1175 2336 1394 2397 cruenta

661 2443 752 2496 per
772 2422 973 2476 medias
993 2418 1130 2487 rapit
1151 2416 1226 2468 ira
1245 2410 1449 2466 caedeS.

512 2519 672 2574 Dulce
692 2524 741 2568 et
758 2516 1005 2567 decorum
1025 2516 1104 2562 est
1121 2523 1215 2577 pro
1233 2502 1400 2575 patria
1423 2497 1579 2552 mori.

515 2596 654 2649 Mors
673 2598 723 2643 et
743 2589 980 2660 fugacem
1002 2581 1335 2654 persequitur
1354 2576 1550 2636 virum,

335 2683 384 2723 15
594 2683 688 2720 nec
709 2662 873 2733 parcit
893 2657 1120 2711 imbellis
1143 2656 1383 2708 iuventae

668 2730 1268 2807 poplitibus'timidoque
1292 2734 1455 2798 tergO.
