2081 3169
623 223 766 273 LIB.
804 225 881 272 11:
935 223 1106 273 SA'P.v
1142 221 1259 274 VH.
1590 220 1684 276 23⁴

202 330 306 380 iam
330 339 460 396 vaga
479 323 714 395 prosiliet
730 323 893 380 frenis
912 334 1100 379 natura
1125 328 1356 379 remotis.

201 401 350 453 Tune
367 398 503 452 mihi
522 399 790 463 dominus,
814 414 992 453 rerum
1013 400 1250 471 imperiis
1268 397 1656 471 hominumque
1748 411 1800 454 ⁷5

201 481 273 528 tot
295 474 560 544 tantisque
585 472 796 528 minor?
831 490 994 545 quem
1013 481 1091 528 ter
1110 473 1341 527 vindicta
1365 482 1656 546 quaterque

201 549 446 618 imposita
464 548 611 603 haud
629 564 890 620 umquam
910 548 1104 602 misera
1123 546 1404 601 formidine
1423 548 1627 618 privet?

203 622 350 677 Adde
367 635 544 693 super,
568 622 721 676 dietis
748 622 895 694 quod
916 640 1021 677 non
1044 621 1215 677 levius
1236 620 1429 677 valeat:
1472 640 1616 688 nam,
1697 625 1702 628 ’

199 698 312 751 sive
331 697 562 751 vicarius
578 704 674 761 eet,
697 698 793 769 qui
813 713 966 752 servo
982 704 1144 767 paret,
1164 727 1241 737 -
1256 684 1337 750 uti
1356 711 1472 750 mos

199 779 370 825 vester
406 771 479 825 ait
495 801 572 811 —
590 788 685 825 seu
725 788 1038 826 oonservus:
1101 771 1199 825 tibi
1238 770 1378 842 quid'
1409 788 1533 826 sum
1560 773 1693 846 ego?

1188 846 1322 899 Nem
1748 857 1800 900 8⁰

196 928 273 983 tu,
297 919 435 972 mihi
455 919 551 990 qui
572 919 859 989 imperitas,
886 917 1003 973 aliis
1023 920 1191 974 servis
1210 861 1391 983 misal?
1421 929 1578 992 atque

194 993 425 1058 duceris,
447 1000 510 1047 ut
526 992 702 1046 nervis
723 992 909 1047 alienis
933 992 1130 1048 mobile
1154 993 1385 1066 lignum.

195 1068 456 1135 Quisnam
484 1066 648 1140 igitur
675 1066 845 1123 liber?
894 1066 1114 1140 Sapiens
1128 1110 1141 1134 ‚
1182 1068 1287 1123 sibi
1315 1069 1411 1140 qui
1445 1069 1693 1141 imperio-

1188 1159 1300 1209 sus,

195 1233 360 1289 quern
387 1231 562 1289 neque
590 1216 868 1289 pauperies
901 1231 1075 1288 neque
1100 1233 1243 1272 mors
1279 1233 1452 1291 neque
1477 1217 1690 1274 vinnula

1185 1300 1402 1348 terrent:

192 1381 502 1437 responsare
520 1364 882 1436 cupidinibus,
904 1372 1235 1422 contemnere
1251 1367 1474 1421 honores
1748 1376 1799 1419 85

192 1441 362 1512 sortis,
386 1447 438 1494 et
455 1440 511 1494 in
537 1457 594 1494 se
619 1441 733 1511 ipso
752 1446 908 1505 totuS‚
933 1447 1067 1493 teres
1092 1446 1249 1510 atque
1268 1439 1546 1504 rotunduS‚

190 1515 397 1570 externi
417 1531 486 1570 ne
503 1514 638 1588 quid
656 1513 825 1570 valeat
841 1530 936 1586 per
955 1514 1070 1568 leve
1088 1514 1299 1579 morari,

191 1610 247 1645 in
271 1608 435 1663 quem
457 1607 642 1646 manea
662 1590 770 1645 ruit
792 1607 999 1661 semper
1018 1588 1245 1644 fortuna.
1325 1589 1542 1642 Potesne

190 1683 259 1721 ex
279 1667 387 1731 his,
410 1674 472 1720 ut
488 1666 782 1738 proprium,
806 1664 942 1736 quid
960 1663 1207 1720 nosoere‘?
1243 1662 1492 1735 Quinque
1509 1663 1699 1718 talenta

192 1741 366 1813 poscit
388 1748 439 1794 te
456 1739 676 1808 mulier;
725 1745 897 1803 vexat,
918 1737 1229 1810 foribusque
1249 1736 1520 1809 repulsum
1745 1749 1798 1791 90

188 1815 464 1888 perfundit
480 1814 680 1888 gelida;
723 1831 910 1869 rursus
930 1820 1105 1869 vocat:
1148 1812 1291 1885 eripe
1308 1814 1449 1885 turpi

190 1890 325 1946 oolla
345 1891 499 1964 iugo:
541 1889 750 1951 »Liben
775 1888 908 1943 liber
926 1906 1068 1954 sum,
1083 1911 1108 1942 α
1127 1888 1214 1943 dio
1233 1890 1353 1962 age!
1397 1890 1514 1945 Non
1534 1889 1684 1961 quis:

83 2016 95 2028 ,
191 1973 350 2039 urget
366 1966 511 2019 enim
530 1965 780 2019 dominus
801 1971 1028 2019 mentem
1048 1982 1154 2020 non
1176 1964 1327 2030 leniS‚
1353 1972 1404 2021 et
1423 1982 1564 2020 acres

190 2042 454 2096 subiectat
472 2039 609 2094 lasso
627 2038 889 2104 stimuloS‚
914 2048 1193 2113 versatque
1210 2048 1513 2114 negantem.

191 2115 290 2173 Vel
311 2132 484 2188 quum
502 2114 750 2170 Pausiaca
775 2121 965 2186 torpae,
988 2115 1191 2179 insane,
1216 2114 1422 2179 tabella,
1746 2121 1798 2164 95

188 2194 494 2264 qu1peooas
514 2190 694 2245 minus
713 2198 873 2261 atque
895 2206 1008 2263 030,
1042 2205 1214 2271 quum
1243 2188 1402 2243 Fulvi
1423 2187 1690 2242 Rutubae-

1185 2277 1293 2333 que

188 2347 286 2396 aut
302 2339 619 2394 Placideiani
637 2345 877 2394 contento
893 2336 1091 2410 poplite
1110 2336 1275 2390 miror

185 2414 406 2488 proelia,
428 2414 638 2470 rubrica
657 2414 794 2486 picta
812 2422 905 2468 aut
919 2412 1163 2475 carbone,
1187 2408 1332 2465 velut
1350 2408 1397 2462 si

186 2509 248 2546 re
265 2508 392 2546 vera
409 2497 667 2563 pugnent,
696 2488 884 2544 feriant
904 2488 1176 2557 vitentque
1201 2489 1469 2539 moventes

188 2582 341 2623 arma
365 2564 505 2620 viri?
539 2566 784 2636 Nequam
799 2571 850 2618 et
866 2568 1093 2617 cessator
1110 2562 1306 2623 Davus¹
1331 2565 1383 2614 at
1402 2558 1515 2630 ipse
1718 2568 1797 2611 10⁰

186 2639 409 2698 subtilis
432 2646 667 2696 veterum
683 2638 847 2694 iudex
865 2644 917 2692 et
934 2634 1158 2691 callidus
1183 2633 1359 2689 audis.

185 2715 282 2774 Nil
303 2732 420 2792 ego,
442 2716 492 2771 si
509 2714 674 2773 ducor
692 2713 802 2771 libo
818 2712 1082 2773 fumante:
1123 2710 1222 2766 tibi
1241 2710 1431 2784 ingens
