2081 3169
340 494 391 537 35

342 897 395 945 40

344 1337 394 1385 45

345 1754 395 1797 50

345 2164 395 2207 55

346 2568 398 2611 60

455 230 549 283 402
996 232 1399 280 oDARUn

524 332 668 398 Quae
687 330 848 386 simul
868 338 1080 387 centum
1100 332 1267 405 tetigit
1283 340 1547 404 potentem

522 407 731 477 oppidis
752 406 963 462 Creten:
1007 409 1180 461 Pater!
1222 425 1255 462 o
1275 407 1515 464 relictum

525 481 663 537 filiae
685 484 903 536 nomen!
946 483 1235 554 pietasque,
1256 482 1414 548 dixit,

675 557 808 613 victa
827 556 1001 611 furore
1015 554 1051 610 1'·

525 665 709 722 Unde?
746 683 854 737 quo
875 665 1032 721 veni?
1070 667 1225 721 Levis
1246 683 1352 721 una
1371 683 1517 720 mors
1533 674 1611 720 est

523 742 796 813 virginum
816 740 1018 811 culpae.
1100 740 1408 814 Vigilansne
1431 740 1579 812 ploro

525 824 675 887 turpe
695 814 1077 870 commissum?
1113 834 1182 870 an
1204 816 1346 871 vitiis
1364 824 1622 871 carentem

678 888 814 945 ludit
832 891 1006 963 imago

526 978 679 1063 rana,
702 1017 838 1070 quae
853 1006 1000 1070 porta
1019 999 1230 1072 fugiens
1251 999 1449 1053 eburna

527 1075 796 1129 somnium
822 1074 1002 1128 ducit‘?
1038 1074 1297 1129 Meliusne
1316 1073 1504 1128 fluctus

453 1157 458 1161 '
527 1150 601 1203 ire
623 1166 716 1221 per
737 1148 919 1222 longos
939 1148 1056 1214 fuit,
1083 1168 1150 1203 an
1170 1156 1398 1203 recentes

676 1241 883 1295 carpere
902 1223 1091 1277 flores?

527 1330 584 1385 Si
604 1332 726 1402 quis
748 1331 996 1386 infamem
1018 1332 1152 1386 mihi
1173 1349 1318 1386 nuno
1336 1332 1622 1387 iuvencum

527 1407 681 1461 dedat
702 1407 875 1472 iratae,
906 1406 1127 1461 lacerare
1146 1406 1281 1461 ferro
1299 1415 1350 1461 et

527 1481 765 1556 frangere
783 1482 950 1537 enitar
970 1483 1127 1537 modo
1146 1483 1377 1537 multum
1398 1483 1556 1537 amati

676 1575 868 1613 cornua
896 1558 1136 1613 monstri.
1208 1573 1219 1584 ·

528 1667 814 1738 Impudens
833 1667 968 1738 liqui
988 1667 1184 1737 patrios
1205 1668 1447 1734 Penates;

530 1743 812 1813 impudens
831 1742 1028 1796 Orcum
1051 1741 1250 1796 moror!
1293 1741 1339 1795 Ο
1358 1741 1577 1795 deorum

528 1818 572 1870 si
595 1817 717 1889 quis
738 1817 865 1871 haec
885 1817 1056 1881 audiS‚
1081 1818 1286 1872 utinam
1307 1817 1440 1871 inter
1459 1833 1627 1872 errem

677 1892 820 1946 nuda
846 1891 1046 1947 leones!

526 2000 824 2073 Antequam
843 2002 1015 2071 turpis
1034 2003 1231 2056 macies
1248 2001 1487 2057 decentes

527 2085 742 2147 occupet
762 2076 946 2141 malaS‚
970 2085 1281 2150 teneraeque
1302 2094 1492 2132 succus

530 2152 722 2207 defluat
738 2152 975 2223 praedae,
1001 2153 1234 2223 speciosa
1252 2170 1447 2225 quaero

676 2245 887 2299 pascere
907 2228 1086 2300 tigreS.

530 2334 664 2390 Vilis
684 2334 894 2403 Europe
909 2375 921 2396 ,
962 2340 1109 2403 pater
1128 2339 1282 2406 urget
1302 2309 1492 2390 absens
1505 2370 1520 2393 ‚

529 2410 662 2481 quid
682 2409 815 2463 mori
834 2407 1042 2462 cessas?
1079 2409 1228 2462 Potes
1248 2408 1348 2462 hac
1365 2408 1432 2461 ab
1457 2423 1591 2461 orno

528 2484 822 2555 pendulum
844 2500 973 2537 zona
995 2484 1129 2538 bene
1149 2487 1198 2537 t‘e
1217 2491 1440 2555 sequuta

683 2558 882 2611 laedere
906 2557 1129 2612 collum:

532 2658 647 2711 sive
666 2664 715 2709 te
741 2674 898 2725 rupes
918 2664 968 2709 et
984 2664 1132 2711 acuta
1155 2657 1254 2711 leto

181 2739 410 2922 Ἃ
534 2749 661 2784 saxa
680 2730 950 2795 delectant,
975 2749 1088 2803 age,
1112 2739 1162 2785 te
1180 2732 1435 2803 procellae

403 2929 412 2986 ἐκ
1498 2908 1525 2920 ,
