2081 3169
482 196 626 242 LIB.
665 195 710 240 Ι.
768 194 1015 242 EPIST.
1056 192 1195 239 XVI.
1522 183 1623 239 263

123 301 286 363 dicat,
310 297 465 351 ethis
483 296 661 352 verbis
681 311 875 349 vacuas
899 291 1222 363 permulceat
1239 308 1418 346 aures:

125 377 307 429 »Tene
325 372 496 446 magis
517 371 729 445 salvum
746 366 977 440 populus
997 365 1142 431 velit,
1167 385 1235 421 an
1254 366 1514 437 populum
1534 374 1609 431 tu,

128 454 338 505 »servet
358 447 414 502 in
434 446 703 519 ambiguo,
727 443 824 515 qui
842 440 1071 497 consulit
1089 448 1139 494 et
1159 441 1253 494 tibi
1274 449 1323 494 et
1344 442 1482 506 urbi,

130 523 432 594 »Iupiter;<‹
469 519 700 593 Augusti
721 517 903 573 laudes
924 532 1205 589 agnoscere
1229 516 1427 585 possis:

131 615 306 671 quum
323 596 515 668 pateris
534 594 745 665 sapiens
765 592 1178 662 emendatusque
1197 590 1390 652 vocari,
1682 597 1734 640 30

132 671 485 743 respondesne
501 677 593 724 tuo
612 668 715 742 (dic
732 665 900 741 sodes)
920 655 1169 721 nomiiie‘?
1206 666 1407 735 Nempe

132 748 219 803 vir
235 748 411 801 bonus
436 753 486 799 et
503 744 737 816 prudens
757 742 861 797 dici
881 740 1104 796 delector
1123 756 1219 813 ego
1237 756 1297 793 ac
1316 746 1392 792 tu.

134 822 239 888 Qui
259 821 402 875 dedit
421 820 522 874 hoc
536 818 709 883 hodie,
734 835 867 882 cras,
891 817 939 869 si
959 815 1115 879 volet,
1140 812 1361 869 auferet:
1406 818 1464 866 ut
1482 812 1530 865 si

132 895 380 951 detulerit
395 894 560 949 fasces
581 893 818 966 indigno,
844 891 1077 946 detrahet
1096 888 1256 944 idem.

131 990 159 1023 ι)
171 973 330 1035 Pone,
354 986 536 1023 meum
555 975 650 1033 est,
665 989 690 1021 α
709 967 913 1039 inquit3
955 982 1096 1036 pono
1113 962 1386 1035 tristisque
1405 957 1607 1016 recede.
1686 970 1736 1013 35

130 1046 284 1101 Idem
303 1044 350 1098 si
370 1043 558 1098 clamet
572 1042 762 1107 furem,
788 1048 942 1113 neget
959 1057 1073 1094 esse
1090 1039 1367 1111 pudicum,

131 1118 414 1176 contendat
430 1117 616 1190 laqueo
635 1116 832 1171 collum
850 1116 1105 1187 pressisse
1128 1122 1410 1185 paternum
1426 1132 1438 1181 ;

130 1193 378 1251 mordear
395 1192 689 1265 opprobriis
707 1190 874 1255 falsiS,
895 1198 1203 1261 mutemque
1220 1186 1481 1244 colorem?

128 1269 327 1327 Falsus
351 1269 518 1323 honor
537 1267 684 1323 iuvat
701 1273 750 1320 et
769 1264 997 1332 mendax
1018 1263 1235 1319 infamia
1260 1269 1414 1317 terret

132 1361 328 1418 quem,
362 1344 465 1398 nisi
499 1342 813 1397 mendosum
843 1347 893 1394 et
918 1337 1327 1393 medicandum?
1381 1338 1512 1392 »Vir
1537 1337 1633 1389 bo·

264 1477 269 1481 ,
1127 1429 1229 1466 nus
1247 1418 1325 1464 est
1348 1410 1509 1481 quis?
1685 1415 1739 1462 4ο

132 1495 278 1561 »Qui
297 1492 529 1548 consulta
551 1498 779 1562 patrum,
803 1489 900 1562 qui
919 1487 1062 1560 leges
1082 1488 1303 1556 iuraque
1322 1491 1520 1552 servat3

132 1592 160 1625 >2
171 1588 282 1644 quo
301 1568 498 1624 multae
514 1582 844 1639 magnaeque
861 1568 1105 1619 secantur
1131 1560 1305 1615 iudice
1328 1558 1444 1613 lites
1458 1577 1470 1626 ς

133 1667 160 1699 >³
173 1663 284 1718 quo
303 1663 386 1698 res
407 1659 655 1714 sponsore
674 1651 724 1694 et
743 1658 851 1712 quo
868 1656 1057 1694 causae
1075 1643 1203 1691 teste
1220 1642 1482 1690 tenentur.
1496 1655 1521 1687 «

133 1721 241 1777 Sed
259 1719 402 1776 videt
424 1718 570 1772 hunc
587 1716 761 1770 omnis
781 1714 972 1769 domus
989 1721 1039 1767 et
1060 1710 1254 1767 vicinia
1271 1717 1374 1763 tota

133 1798 428 1851 introrsum
450 1800 675 1862 turpem,
701 1791 996 1861 speciosum
1016 1785 1152 1858 pelle
1172 1785 1374 1840 decora,
1690 1790 1741 1836 45

132 1872 283 1925 »Nec
298 1867 498 1923 furtum
519 1865 635 1930 feci,
660 1882 756 1920 nec
771 1864 904 1939 fugi,
919 1885 943 1916 «
964 1863 1009 1917 si
1030 1861 1168 1916 mihi
1185 1860 1312 1915 dicit
1403 1909 1414 1921 ,

132 1961 352 2002 servus:
396 1949 429 1998 Ἴ
447 1941 652 1995 »Habes
669 1940 916 2010 pretium,
942 1937 1068 1993 loris
1088 1955 1194 1992 non
1215 1934 1403 2000 ureriS‚
1418 1955 1444 1988 c<
1463 1935 1565 1988 aio.

133 2027 170 2078 ⁴1
199 2020 357 2074 »Non
393 2017 665 2071 hominem
691 2013 876 2080 occidi,
892 2034 918 2067 «
963 2019 997 2069 ‘ff
1015 2015 1169 2069 »Non
1188 2029 1367 2083 pasces
1395 2011 1453 2065 in
1480 2025 1635 2064 cruce

133 2177 170 2228 ⁴1
188 2168 361 2224 »Sum
379 2166 554 2222 bonus
573 2172 624 2220 et
640 2163 805 2237 frugi.
819 2184 844 2216 α
921 2169 954 2218 ⁶1
967 2104 1520 2290 ›>Ren111(3i)t{¹i(1(d}iietque
1539 2157 1636 2212 Sam

129 2325 362 2376 »cautus
381 2316 527 2371 enim
548 2315 736 2370 metuit
753 2313 958 2368 foveam
978 2252 1533 2381 lupus‚eac¹2?1{iterque
1693 2315 1743 2357 5ο

129 2399 448 2465 »suspectos
463 2390 697 2462 laquem,
720 2396 770 2443 et
787 2393 1028 2458 opertum
1047 2384 1250 2438 miluus
1268 2383 1511 2437 hamum.

128 2492 156 2526 »
168 2470 414 2527 Oderunt
432 2483 642 2538 peccare
659 2463 786 2519 honi
804 2461 1014 2517 virtutis
1042 2477 1242 2526 amore3

127 2555 232 2602 »tu
253 2541 392 2599 nihil
414 2540 654 2596 admittes
674 2540 731 2593 in
751 2545 801 2592 te
820 2533 1102 2591 formidine
1124 2549 1347 2605 poenae:

126 2622 242 2677 »sit
261 2636 384 2691 spes
404 2614 640 2681 fallendi,
666 2612 914 2668 miscebis
933 2626 1081 2664 sacra
1105 2607 1357 2680 profanis,

125 2718 155 2753 n
167 2699 315 2755 Nam
335 2693 401 2751 de
421 2689 570 2749 mille
594 2689 745 2746 fabae
763 2685 956 2745 modiis
976 2701 1150 2760 quum
1170 2681 1395 2757 surripis
1414 2695 1606 2745 unum,
1692 2687 1742 2730 55
