2081 3169
465 199 565 254 218
964 197 1442 245 8ΑΤΥΒΑΒΠΜ

466 301 628 363 finiet,
654 306 771 353 ante
789 316 1005 372 gravem
1030 316 1168 370 quae
1197 298 1376 370 legerit
1402 298 1582 352 arbore
1602 296 1786 353 solem.

465 374 713 429 Aufidius
733 374 851 428 forti
872 374 1123 428 miscebat
1148 373 1301 427 mella
1327 374 1367 426 F
1372 372 1564 437 alerno,

358 461 409 505 25
466 448 730 514 mendose,
755 450 1007 521 quoniam
1027 449 1208 503 vacuis
1234 448 1553 502 committere
1575 448 1722 502 venis

467 524 539 579 nil
565 525 668 579 nisi
690 524 804 579 lene
823 525 992 578 decet:
1037 522 1140 578 leni
1163 522 1460 594 praecordia
1480 521 1654 576 mulso

466 598 723 672 prolueris
742 599 953 653 melina.
1031 598 1086 652 Si
1108 599 1237 653 dura
1260 599 1548 653 morabitur
1568 597 1739 663 alvuS,

467 674 689 729 mitulus
714 682 765 728 et
784 673 914 729 viles
931 671 1126 744 pellent
1144 674 1400 727 obstantia
1420 673 1646 727 conchae

465 757 517 803 et
538 748 731 819 lapathi
751 749 928 803 brevis
954 748 1132 811 herba,
1157 748 1250 801 sed
1269 747 1388 802 albo
1409 765 1513 802 non
1534 748 1649 801 sine
1666 747 1773 802 Coo

360 833 411 875 30
468 824 692 878 Lubrica
714 831 980 878 nascentes
1000 790 1219 894 implent
1237 822 1509 895 conchylia
1529 822 1711 890 lunae;

467 898 559 952 sed
580 916 684 953 non
704 915 859 953 omne
879 915 1021 954 mare
1039 906 1118 951 est
1134 915 1411 971 generosae
1431 895 1594 951 fertile
1620 906 1799 951 testae.

468 973 665 1028 Murice
683 973 875 1027 Baiano
895 972 1079 1027 melior
1103 973 1326 1027 Lucrina
1353 972 1560 1045 peloriS,

466 1055 631 1102 ostrea
651 1047 881 1112 Circeiis,
905 1048 1105 1102 Miseno
1124 1048 1364 1103 oriuntur
1382 1047 1581 1114 echini;

467 1123 762 1193 pectinibus
782 1121 973 1194 patulis
995 1123 1148 1177 iactat
1170 1139 1227 1177 se
1251 1121 1407 1176 molle
1432 1122 1736 1175 Tarentum.

362 1207 412 1250 35
469 1199 576 1251 Nec
591 1196 694 1251 sibi
711 1214 989 1252 coenarum
1010 1198 1191 1270 quivis
1209 1205 1398 1252 temere
1416 1195 1619 1269 arroget
1638 1203 1824 1261 artem,

469 1288 573 1326 non
594 1272 744 1343 prius
761 1280 936 1327 exacta
956 1273 1100 1327 tenui
1121 1273 1316 1327 ratione
1335 1289 1601 1343 saporum.

470 1349 577 1401 Neo
594 1347 718 1402 satis
736 1355 814 1401 εει
831 1365 948 1402 cara
965 1347 1135 1419 pisces
1155 1365 1389 1403 averrere
1406 1364 1586 1401 mensa

471 1423 734 1495 ignarum,
759 1423 958 1494 quihus
976 1430 1056 1477 est
1075 1423 1159 1477 ius
1179 1422 1368 1495 aptiuS,
1391 1429 1442 1475 et
1458 1421 1658 1493 quibus
1685 1421 1823 1474 assis

472 1496 789 1570 languidus
774 1515 830 1552 m
849 1498 1123 1552 cubitum
1109 1515 1213 1552 iam
1233 1516 1290 1552 se
1312 1498 1531 1552 conviva
1552 1505 1786 1567 reponet.

362 1579 415 1626 40
476 1571 667 1628 Umber
685 1579 735 1627 et
754 1571 917 1647 iligna
937 1573 1167 1628 nutritus
1185 1572 1378 1648 glande
1396 1570 1645 1627 rotundas

470 1655 650 1703 curvet
667 1665 790 1720 aper
810 1647 982 1704 lances
1001 1666 1210 1704 carnem
1232 1649 1444 1703 vitantis
1470 1648 1719 1701 inertem:
2049 1668 2050 1707 1

477 1740 602 1777 nam
621 1723 856 1779 Laurens
875 1722 1047 1779 malus
1067 1731 1161 1790 est,
1185 1723 1327 1780 ulvis
1352 1730 1402 1777 et
1428 1720 1688 1779 arundine
1717 1721 1945 1794 pinguis„
2049 1714 2050 1805 l

469 1797 633 1853 Vinea
653 1798 916 1854 submittit
934 1815 1144 1871 capreas
1164 1816 1270 1853 non
1296 1815 1500 1869 semper
1517 1795 1720 1851 eduleS.
2049 1814 2050 1827 ¹

469 1871 742 1926 Fecundae
756 1873 944 1945 leporis
964 1874 1173 1945 sapiens
1192 1873 1471 1928 sectabitur
1489 1888 1684 1925 armos.
2049 1876 2050 1927 l

364 1953 416 1999 45
473 1946 712 2002 Piscibus
731 1955 889 2021 atque
913 1949 1103 2005 avibus
1141 1965 1276 2020 quae
1297 1955 1478 2002 natura
1498 1953 1548 2000 et
1567 1946 1696 2000 soret
1723 1955 1883 2009 aetaS,
2049 1940 2050 1955 ¹

471 2028 590 2076 ante
608 2039 788 2078 meum
808 2022 941 2078 nulli
963 2023 1132 2095 patuit
1149 2023 1385 2094 quaesita
1403 2021 1657 2093 palatum.

469 2094 621 2163 Sunt,
643 2114 871 2169 quorum
899 2098 1176 2171 ingenium
1203 2113 1338 2153 nova
1357 2103 1561 2152 tantum
1586 2094 1825 2149 crustula
1845 2111 1953 2165 pro-
2049 2126 2050 2149 ÷

1452 2171 1567 2225 mit.

470 2247 818 2318 Nequaquam
837 2247 962 2301 satis
982 2248 1039 2301 in
1060 2264 1116 2301 re
1135 2264 1241 2301 una
1265 2261 1572 2301 consumere
1592 2262 1807 2298 curam
1797 2287 1809 2311 ,

470 2328 531 2375 ut
553 2321 601 2374 si
620 2321 744 2393 quis
762 2321 935 2376 solum
956 2322 1072 2387 hoc,
1096 2320 1233 2375 mala
1255 2338 1319 2375 ne
1338 2321 1445 2374 sint
1464 2321 1607 2384 vina,
1642 2318 1863 2382 laboret,

361 2406 413 2449 5⁰
467 2394 615 2466 quali
634 2395 914 2467 perfundat
929 2396 1100 2467 pisces
1119 2413 1334 2450 securus
1353 2394 1511 2450 olivo·

469 2469 690 2525 Massica
707 2471 755 2525 si
772 2470 912 2526 coelo
931 2488 1197 2555 suppones
1217 2471 1341 2524 vina
1361 2486 1561 2531 sereno,

471 2550 740 2609 nocturna,
761 2544 809 2598 si
825 2544 961 2615 quid
978 2545 1141 2598 crassi
1158 2552 1252 2609 est,
1283 2544 1581 2598 tenuabitur
1599 2559 1747 2606 aura,

472 2623 523 2668 et
537 2616 746 2670 decedet
762 2618 889 2672 odor
907 2619 1083 2673 nervis
1104 2619 1379 2685 inimicus3
1420 2625 1471 2671 at
1496 2617 1586 2670 illa

473 2687 735 2760 integrum
753 2692 979 2761 perdunt
998 2691 1109 2746 lino
1126 2692 1304 2747 vitiata
1322 2708 1576 2765 saporem.

242 2750 465 2939 ³*
