2081 3169
406 194 509 250 20⁴·
912 197 1391 246 SATYRARUM

408 317 485 363 as,
510 297 684 370 laquei
707 300 957 371 pretium.
1021 302 1194 364 »Iure,
1209 321 1235 352 α
1255 299 1448 371 inquit,
1477 299 1768 356 »Tmusius
1789 300 1916 357 istis
1977 305 1988 310 “

301 386 380 430 100
405 374 674 446 »iurgatur
695 374 898 430 verbis:
942 392 1039 448 ego
1058 374 1331 448 vectigalia
1352 392 1545 449 magna

408 448 763 521 »divitiasque
785 450 953 504 habeo
971 451 1142 504 tribus
1166 448 1370 520 amplas
1389 449 1663 522 regibus.«
1738 449 1889 524 Ergo

408 523 553 596 quod
578 533 806 597 superat,
837 543 943 580 non
961 533 1040 579 est
1068 523 1259 579 melius
1278 542 1387 596 quo
1412 525 1678 579 insumere
1697 525 1917 595 possis?

410 598 519 654 Cur
538 607 656 672 eget
673 599 930 673 indignus
949 600 1260 672 quisquam,
1279 607 1334 653 te
1350 598 1552 653 divite?
1588 616 1756 670 quare

409 674 602 747 templa
622 682 788 731 ruunt
804 675 1023 747 antiqua
1043 673 1241 729 deum?
1275 691 1389 740 cur,
1414 674 1669 745 improbe,
1694 691 1851 731 carae

301 761 380 806 105
406 767 512 804 non
538 749 745 822 aliquid
762 750 957 821 patriae
975 756 1119 804 tanto
1136 749 1367 804 emetiris
1387 747 1606 805 acervo?

411 825 513 880 Uni
539 825 797 879 nimirum
817 825 914 879 tibi
934 833 1071 879 recte
1088 842 1295 897 semper
1313 832 1469 879 erunt
1486 822 1605 877 rae‘?

411 899 457 955 Ο
477 918 706 974 magnus
724 901 942 972 posthac
961 900 1195 955 inimicis
1214 900 1383 954 risus!
1425 898 1616 954 Uterne

411 975 479 1030 ad
496 993 650 1030 casus
669 975 859 1030 dubios
880 975 1005 1030 fidet
1021 975 1126 1030 sibi
1145 975 1355 1039 certiu8‚
1378 974 1485 1038 hio,
1509 973 1605 1046 qui

409 1050 656 1121 pluribus
675 1050 906 1104 adsuerit
926 1057 1156 1105 mentem
1172 1066 1470 1122 corpusque
1487 1048 1801 1119 superbum,

303 1137 381 1181 110
408 1143 476 1180 an
501 1126 615 1197 qui,
641 1132 913 1180 contentus
931 1143 1097 1197 parvo
1115 1133 1460 1196 metuensque
1483 1123 1666 1189 futuri,

411 1201 467 1254 in
486 1217 630 1272 pace,
655 1207 714 1254 ut
732 1201 960 1272 sepiem,
985 1201 1174 1271 aptarit
1200 1200 1384 1255 idonea
1403 1196 1575 1253 bello?

485 1275 602 1341 Quo
639 1275 812 1348 magis
849 1275 936 1329 his
972 1275 1155 1330 credas
1168 1316 1181 1340 ,
1224 1292 1358 1347 puer
1396 1275 1541 1402 ¹¹¹me
1572 1289 1671 1347 ego
1705 1276 1913 1345 parvus

1397 1348 1443 1404 Ο
1463 1348 1509 1402 el
1534 1365 1629 1403 um

410 1425 628 1499 integris
647 1425 838 1497 opibus
858 1426 982 1480 novi
1002 1442 1110 1481 non
1133 1425 1288 1481 latius
1312 1442 1494 1489 usum,

410 1519 573 1573 quam
594 1518 739 1556 nuno
755 1500 956 1556 accisis,
1036 1502 1227 1556 Videas
1247 1507 1435 1554 metato
1455 1500 1511 1553 in
1530 1497 1699 1573 agello

304 1589 382 1632 115
409 1595 530 1632 cum
552 1594 735 1649 pecore
752 1586 802 1631 et
816 1575 990 1650 gnatis
1011 1575 1195 1631 fortem
1216 1574 1453 1630 mercede
1469 1574 1716 1630 colonum
1731 1616 1745 1640 ‚

411 1673 437 1703 »
450 1655 564 1707 Non
586 1669 700 1726 ego,
715 1673 741 1705 α
760 1660 1079 1717 narrantem,
1103 1660 1330 1706 »temere
1347 1649 1431 1705 edi
1450 1649 1567 1705 luce
1581 1649 1811 1721 profesta

410 1727 744 1800 »quidquam
761 1735 962 1800 praeter
980 1726 1100 1782 olus
1118 1726 1354 1782 fumosae
1371 1743 1494 1781 cum
1515 1726 1648 1798 pede
1666 1743 1884 1797 pernae.

410 1805 514 1856 »At
534 1803 668 1857 mihi
686 1820 780 1858 seu
801 1802 1020 1877 longum
1040 1809 1159 1874 post
1178 1809 1387 1874 tempus
1407 1809 1619 1856 venerat
1638 1801 1856 1872 hospes,

411 1896 437 1928 ³)
448 1877 560 1932 sive
577 1895 795 1950 operum
817 1895 983 1934 vacuo
998 1884 1182 1952 gratus
1200 1878 1423 1933 conviva
1439 1893 1531 1948 per
1552 1877 1781 1930 imbrem

302 1963 381 2006 120
406 1953 668 2017 micinas,
692 1953 827 2008 bene
844 1961 969 2019 erat,
999 1971 1106 2008 non
1125 1952 1362 2025 piscibus
1383 1952 1515 2007 urbe
1538 1951 1733 2022 petitiS‚

411 2027 539 2081 »sed
561 2027 711 2099 pullo
730 2036 887 2100 atque
904 2028 1096 2097 hoed03
1139 2036 1255 2084 tum
1274 2027 1495 2100 pensilis
1520 2045 1626 2083 uva
1647 2028 1914 2084 secundas

412 2106 496 2156 »et
515 2120 628 2157 nux
647 2104 865 2159 ornabat
881 2120 1092 2158 mensas
1111 2121 1235 2158 cum
1253 2103 1465 2176 duplice
1489 2102 1591 2157 ficu
1603 2144 1615 2156 .

412 2180 569 2233 »Post
588 2179 688 2233 hoc
706 2177 867 2234 ludus
883 2186 1008 2243 erat,
1033 2178 1191 2250 culpa
1208 2186 1387 2251 potare
1407 2178 1676 2251 magistra,

411 2270 509 2308 »ac
534 2261 773 2309 venerata
790 2253 963 2320 Ceres,
989 2254 1061 2308 ita
1080 2254 1258 2308 culmo
1274 2261 1511 2328 surgeret
1530 2251 1649 2319 alto,

303 2338 381 2383 125
406 2347 432 2381 »
443 2329 696 2400 explicuit
713 2328 842 2383 vino
857 2335 1146 2384 contractae
1165 2328 1299 2384 seria
1318 2327 1525 2407 frontis:

410 2404 652 2459 »Saeviat
670 2410 827 2476 atque
845 2421 1010 2459 novos
1028 2412 1235 2461 moveat
1253 2403 1461 2460 fortuna
1478 2401 1770 2458 tumultus:

410 2487 707 2551 »quantum
726 2479 853 2533 hinc
876 2479 1192 2534 imminuet?
1229 2488 1428 2552 quanto
1453 2487 1542 2534 aut
1568 2495 1667 2552 ego
1692 2480 1916 2550 parcius

1399 2562 1490 2609 aut
1515 2571 1628 2619 voS,

411 2641 480 2679 »o
495 2628 664 2696 pueri,
691 2627 942 2696 nituistiS,
966 2635 1027 2682 ut
1046 2629 1154 2682 huc
1171 2647 1344 2685 novus
1363 2628 1534 2685 incola
1552 2627 1731 2684 venit‘?

411 2701 585 2754 »Nam
603 2700 813 2770 proprie
832 2701 1033 2758 telluris
1053 2703 1243 2761 herum
1261 2713 1450 2761 natura
1467 2721 1641 2778 neque
1658 2703 1840 2772 illum,

474 2964 489 3007 ’ῑ
