2081 3169
504 217 625 278 ⁴94'
1004 223 1485 276 SATYRARUM

502 331 642 402 Ergo
663 344 768 384 non
788 329 914 382 satis
932 337 1027 394 est,
1051 331 1163 383 risu
1182 328 1428 383 diducere
1451 328 1643 381 rictum

503 405 785 460 auditoris·
774 447 787 474 ‚
830 434 905 445 --
941 413 992 459 et
1027 412 1106 459 aet
1139 403 1400 476 quaedam
1443 411 1618 457 tamen
1657 399 1747 455 hic
1781 417 1997 476 quoque

1380 478 1578 533 virtus:
1601 506 1678 517 -

505 562 584 609 est
600 554 854 610 brevitate
871 567 1024 625 opus»,
1049 560 1108 608 ut
1125 560 1301 608 currat
1320 552 1592 617 sententia,
1617 568 1723 606 neu
1743 568 1801 606 se

397 641 449 685 10
506 629 759 702 impediat
779 629 954 683 verbis
975 627 1139 682 lassas
1157 628 1495 682 onerantibus
1515 643 1693 695 aures3

505 714 555 760 et
575 720 813 759 sermone
829 719 963 791 opus
981 709 1061 757 est
1085 702 1241 757 modo
1263 703 1418 767 tristi,
1443 717 1610 774 saepe
1617 702 1808 767 ἰοοοεο,

506 779 814 834 defendente
832 781 1001 833 vicem
1019 777 1178 832 modo
1195 777 1417 832 rhetoris
1437 785 1594 849 atque
1608 783 1808 848 poetae,

507 854 774 909 interdum
792 853 1000 918 urbani,
1021 851 1282 924 parcentis
1302 852 1526 917 viribus,
1550 859 1725 937 atque·

507 929 837 985 extenuantis
857 943 944 982 eas
960 927 1217 982 consulto.
1297 926 1603 982 Ridiculum
1621 927 1730 980 acri

401 1016 450 1057 15
509 1005 697 1059 fortius
715 1011 766 1058 et
783 1001 976 1058 melius
992 1019 1216 1075 magnas
1232 1001 1548 1087 plerumque
1566 1010 1704 1055 secat
1722 1017 1828 1056 res.

509 1079 616 1143 Illi,
634 1079 825 1149 scripta
844 1078 1045 1149 quibus
1060 1076 1326 1132 comoedia
1343 1077 1516 1148 prisca
1532 1076 1664 1131 viris
1689 1084 1788 1141 est,

509 1154 609 1207 hoc
630 1154 854 1218 stabant,
878 1153 977 1207 hoc
996 1160 1123 1207 sunt
1138 1151 1381 1206 imitandi
1399 1170 1411 1217 ;
1436 1168 1569 1223 quos
1590 1167 1764 1222 neque
1780 1150 2004 1222 pulcher

510 1230 858 1299 Hermogenes
878 1244 1139 1298 umquam
1158 1223 1299 1299 legit,
1323 1243 1495 1298 neque
1514 1226 1705 1279 simius
1731 1226 1848 1291 iste,

510 1302 585 1356 nil
603 1310 803 1373 praeter
821 1301 1048 1357 Calvum
1064 1309 1117 1356 et
1138 1301 1322 1356 doctus
1339 1308 1545 1355 cantare
1564 1299 1856 1354 Catullum.

401 1389 451 1430 20
507 1383 541 1432 *l
558 1376 626 1431 At
642 1394 899 1450 magnum
919 1375 1055 1441 fecit,
1080 1376 1224 1448 quod
1261 1376 1436 1429 verbis
1459 1375 1654 1429 Graeca
1673 1375 1882 1429 Latinis

510 1451 745 1505 miscuit.
822 1457 856 1506 *l
875 1451 920 1505 Ο
937 1451 1040 1505 seri
1061 1450 1383 1506 studiorum!
1426 1450 1589 1521 quine
1607 1450 1808 1520 putatis

510 1525 724 1583 difficile
743 1533 791 1579 et
810 1526 1027 1592 mirum,
1052 1525 1256 1579 Rhodio
1275 1524 1422 1597 quod
1439 1523 1752 1578 Pitholeonti

508 1602 728 1674 contigit
742 1601 771 1654 ⁶?
806 1607 838 1655 ¹1
856 1603 922 1654 At
943 1617 1131 1666 sermo,
1154 1600 1339 1673 lingua
1359 1600 1650 1654 concinnus
1670 1607 1921 1673 utraque,

510 1677 740 1740 suavior,
763 1683 824 1729 ut
842 1676 975 1730 Chio
994 1683 1115 1730 nota
1134 1675 1180 1729 si
1199 1675 1482 1729 commixta
1499 1673 1709 1729 Falerni
1728 1683 1831 1729 aet.

401 1762 451 1803 25
508 1757 540 1804 πῖ
559 1751 738 1817 Quum
778 1765 964 1805 versus
988 1749 1151 1805 facias
1164 1791 1178 1816 ,
1224 1757 1274 1805 te
1309 1750 1488 1821 ipsum
1525 1756 1804 1820 percontor
1817 1792 1832 1816 ,
1864 1769 1937 1806 an
1961 1758 2010 1804 et

1577 1841 1671 1880 um

509 1899 640 1953 dura
659 1899 755 1953 tibi
776 1897 1070 1971 peragenda
1090 1899 1167 1953 rei
1184 1899 1255 1953 sit
1280 1910 1437 1966 causa
1455 1840 1662 1953 pgiilm

511 1973 718 2027 Scilicet
735 1972 932 2027 oblitus
949 1973 1254 2046 patriaeque
1269 1973 1556 2045 patrisque,
1584 1973 1771 2028 Latine

511 2065 682 2118 quum
704 2047 895 2102 Pedius
914 2063 1101 2102 causas
1122 2047 1342 2102 exsudet
1360 2047 1619 2119 Poplicola
1638 2056 1798 2120 atque

511 2122 791 2186 CorvinuS,
816 2121 998 2192 patriis
1017 2123 1370 2176 intermiscere
1393 2123 1553 2193 petita

402 2208 452 2249 30
514 2196 671 2251 verba
691 2163 817 2250 foris
833 2195 1007 2261 maliS‚
1032 2196 1288 2251 Canusini
1309 2213 1453 2251 more
1472 2182 1818 2270 bilinguis?

509 2270 689 2342 Atqui,
714 2286 811 2342 ego
829 2286 1000 2342 quum
1011 2271 1234 2326 Graecos
1250 2270 1488 2336 facerem,
1514 2279 1669 2327 natus
1690 2288 1843 2325 mare
1861 2273 2014 2338 citra,

510 2344 814 2409 versicu108‚
844 2345 1010 2400 vetuit
1032 2361 1120 2400 me
1136 2345 1229 2400 tali
1248 2362 1373 2401 voce
1397 2345 1672 2411 Quirinus,

510 2427 628 2489 post
646 2419 874 2473 mediam
894 2427 1099 2474 noctem
1120 2419 1488 2491 visus‚q1mm
1507 2420 1713 2475 somnia
1739 2438 1900 2477 vera:

510 2496 605 2546 »In
627 2493 816 2549 silvam
838 2511 942 2547 non
973 2494 1118 2566 ligna
1137 2493 1273 2548 feras
1294 2494 1555 2563 insaniuS,
1579 2512 1639 2549 ac
1657 2495 1705 2548 si

403 2578 454 2618 35
509 2582 767 2638 »magnas
787 2568 1106 2622 Graecorum
1132 2568 1286 2623 malis
1307 2569 1527 2640 implere
1543 2577 1795 2624 catervas,
1812 2591 1844 2621 α

513 2606 782 2710 Tui-gidus
802 2639 1028 2712 Alpinus
1052 2642 1257 2715 iugulat
1275 2643 1405 2697 dum
1426 2646 1722 2708 Memnona,
1748 2645 2010 2717 dumque

254 2744 417 2843 «Χ
513 2713 735 2785 defingit
749 2713 920 2769 Rheni
940 2715 1141 2772 luteum
1161 2726 1335 2789 caput,
1360 2719 1489 2773 haec
1504 2736 1603 2792 ego
1622 2718 1768 2785 ludu,

478 2952 525 3057 ι
