2081 3169
440 186 541 244 29⁴
950 155 1077 241 'nn
1149 190 1387 242 ARTE

515 294 617 348 Res
635 300 811 366 gestae
831 309 1125 368 regumque
1142 293 1452 367 ducumque
1474 302 1524 350 et
1540 296 1708 351 tristia
1727 297 1867 354 bella

441 385 550 440 quo
568 368 728 422 scribi
748 377 962 440 possent
982 386 1221 435 numero,
1247 371 1557 425 monstravit
1576 372 1849 428 Homerus.

332 456 385 498 75
447 443 697 506 Versibus
719 444 986 515 impariter
1008 445 1202 498 iunctis
1220 445 1552 516 querimonia
1575 447 1815 518 primum
1829 490 1841 511 ‚

445 525 561 590 post
579 519 736 572 etiam
755 518 957 573 inclusa
979 527 1058 572 est
1077 519 1184 573 voti
1204 521 1457 574 sententia
1478 538 1712 592 compoS.

442 593 575 660 Quis
596 601 767 648 tamen
790 594 1011 667 exiguos
1030 593 1205 722 eleggs
1225 595 1456 650 emiserit
1474 606 1670 661 auctor,

446 669 775 742 grammatici
795 677 990 723 certant
1009 677 1060 722 et
1078 687 1108 723 a
1186 687 1255 724 uc
1270 670 1373 724 sub
1395 669 1568 725 iudice
1592 670 1660 724 lis
1679 682 1777 726 est.

444 742 820 798 Archilochum
839 745 1052 815 proprio
1072 744 1243 799 rabies
1261 746 1486 800 armavit
1506 746 1707 801 iambo:

335 830 387 873 80
447 820 593 873 hunc
609 818 746 872 socci
765 835 944 889 cepere
961 818 1151 889 pedem
1170 819 1504 892 grandesque
1520 821 1785 887 cothurni,

446 893 658 949 alternis
678 901 861 964 aptum
881 894 1217 949 sermonibus
1235 901 1285 948 et
1312 893 1590 966 populares

340 1027 343 1036 ἡ
446 970 744 1023 vincentem
768 968 1016 1040 strepitus
1033 978 1086 1023 et
1104 977 1289 1024 natum
1309 970 1467 1024 rebus
1488 970 1730 1043 agendis,

520 1045 671 1099 Musa
691 1043 834 1098 dedit
860 1044 1057 1098 fidibus
1078 1043 1229 1099 divos
1248 1061 1544 1116 puerosque
1564 1045 1786 1100 deorum

393 1144 397 1148 ·
446 1128 496 1174 et
514 1118 752 1192 pugilem
772 1119 1021 1173 victorem
1040 1127 1092 1173 et
1108 1137 1311 1191 equum
1329 1120 1610 1174 certamine
1627 1121 1871 1191 primum

338 1207 390 1251 85
444 1203 494 1250 et
520 1195 778 1249 iuvenum
796 1211 950 1249 curas
969 1202 1020 1249 et
1039 1194 1203 1249 libera
1224 1195 1349 1250 vina
1373 1194 1582 1250 referre.
1769 1195 1774 1198 “

448 1269 740 1340 Descriptas
758 1286 966 1324 servare
986 1270 1128 1324 vices
1152 1287 1480 1342 operumque
1502 1269 1698 1324 colores

447 1363 544 1401 cur
562 1361 659 1418 ego
678 1345 724 1399 si
746 1361 950 1418 nequeo
971 1345 1279 1418 ignoroque,
1300 1354 1449 1416 poeta
1468 1344 1699 1399 salutor‘?

448 1440 545 1476 cur
564 1420 780 1486 nescire,
803 1420 1011 1491 pudens
1029 1438 1209 1491 prave,
1234 1438 1398 1493 quam
1418 1419 1633 1486 discere,
1658 1419 1842 1477 malo‘?

449 1496 702 1552 Versibus
721 1495 916 1566 exponi
935 1496 1148 1570 tragicis
1166 1513 1248 1550 res
1272 1496 1469 1557 comica
1490 1512 1596 1550 non
1616 1496 1762 1564 vult3

341 1583 394 1627 9⁰
452 1573 758 1646 indignatur
778 1571 902 1626 item
919 1572 1142 1644 privatis
1160 1589 1221 1627 ac
1237 1589 1400 1644 prope
1418 1588 1566 1626 socco

449 1648 628 1722 dignis
648 1648 976 1703 carminibus
995 1648 1198 1703 narrari
1219 1663 1377 1702 coena
1396 1647 1673 1720 Thyestae.

451 1720 672 1796 Singula
692 1740 936 1795 quaeque
957 1723 1132 1777 locum
1151 1729 1360 1778 teneant
1377 1723 1557 1776 sortita
1576 1720 1874 1776 decentem.

449 1798 718 1853 Interdum
741 1806 916 1853 tamen
936 1805 987 1852 et
1006 1814 1188 1853 vocem
1208 1796 1475 1852 comoedia
1498 1795 1651 1861 tollit,

449 1873 720 1944 iratusque
740 1873 990 1929 Chremes
1015 1873 1219 1928 tumido
1237 1872 1473 1945 delitigat
1490 1889 1596 1936 ore,

342 1960 393 2003 95
451 1957 500 2001 et
518 1948 748 2020 tragicus
767 1947 1086 2020 plerumque
1103 1946 1242 2004 dolet
1259 1964 1499 2003 sermone
1515 1945 1766 2019 pedestri.

451 2022 712 2093 Telephus
732 2030 782 2076 et
801 2023 1005 2089 PeleuS‚
1037 2042 1210 2095 quum
1230 2039 1429 2095 pauper
1448 2030 1498 2077 et
1515 2020 1688 2086 exsul,
1724 2028 1954 2094 uterque

422 2114 429 2117 ·
450 2098 656 2170 proiicit
674 2096 937 2169 ampullas
962 2105 1014 2152 et
1030 2097 1418 2171 sesquipedalia
1437 2097 1614 2161 verba,

451 2174 498 2227 si
522 2181 670 2228 curat
693 2190 781 2228 cor
797 2175 1079 2245 spectantis
1104 2174 1335 2246 tetigisse
1352 2170 1584 2245 querela.

525 2251 642 2304 Non
663 2249 791 2303 satis
807 2257 885 2303 est
905 2249 1125 2320 pulchra
1146 2266 1258 2303 esse
1276 2255 1540 2320 poemata:
1571 2245 1750 2301 dulcia
1769 2253 1951 2319 sunm,

343 2335 423 2379 100
449 2333 501 2379 et
517 2341 857 2396 quocumque
876 2323 1075 2391 volent,
1098 2325 1337 2378 animum
1358 2322 1614 2378 auditoris
1634 2328 1859 2395 agunto.

454 2401 520 2454 Ut
539 2399 833 2454 ridentibus
854 2399 1103 2463 arrident,
1134 2401 1205 2454 ita
1224 2397 1471 2453 flentibus
1491 2395 1687 2452 adflent

453 2475 676 2529 humani
700 2474 899 2530 vultus,
978 2474 1034 2529 Si
1055 2475 1139 2530 vis
1160 2492 1245 2529 me
1261 2473 1398 2538 flere,
1420 2471 1713 2527 dolendum
1737 2479 1821 2525 est

452 2551 690 2620 primum
711 2549 813 2620 ipsi
833 2550 958 2618 tibi;
1001 2559 1131 2605 tunc
1148 2558 1237 2605 tua
1257 2567 1344 2603 me
1364 2548 1649 2603 infortunia
1677 2546 1911 2615 laedent,

456 2623 682 2695 Telephe
702 2624 784 2678 vel
804 2624 990 2680 Peleu.-
1031 2624 1170 2680 male
1191 2626 1237 2680 si
1257 2624 1503 2680 mandata
1523 2622 1779 2694 loqueris,

346 2709 426 2753 105
453 2706 545 2754 aut
568 2699 864 2756 dormitabo
883 2708 974 2757 aut
990 2700 1191 2757 rideb0.
1271 2700 1463 2756 Tristia
1479 2705 1748 2755 moestum

242 2806 381 2899 ,Ἣ
