2081 3169
440 198 504 249 36
983 204 1386 250 ODARUM

515 321 624 373 quo
642 303 797 356 bruta
814 302 988 366 telluS,
1012 311 1064 356 et
1082 322 1214 376 vaga
1241 304 1480 368 flumina,

332 389 384 430 10
518 396 626 448 quo
647 377 781 449 Styx
800 385 851 430 et
877 378 1036 433 invisi
1056 378 1268 433 horrida
1288 381 1507 434 Taenari

592 451 739 505 sedes
758 452 1137 524 Atlanteusque
1157 454 1279 507 finis

664 528 975 582 concutitur.
1058 528 1204 583 Valet
1232 530 1336 583 ima
1356 530 1583 583 summis

516 628 738 683 mutare,
763 627 813 672 et
833 620 1096 691 insignem
1125 628 1354 674 attenuat
1372 619 1521 683 deuS,

515 695 738 748 obscura
757 711 1029 764 promens:
1074 695 1200 748 hinc
1219 696 1418 766 apicem
1439 712 1600 765 rapax

333 780 384 821 15
590 770 820 823 Fortuna
847 786 969 823 cum
991 769 1211 824 stridore
1231 777 1380 824 acuto

667 843 898 909 sustulit,
922 844 1011 898 hio
1028 846 1269 916 posuisse
1286 844 1498 917 gaudet.

831 1130 881 1185 0
940 1130 1001 1185 D
1061 1129 1115 1184 Ε
1235 1128 1557 1185 XXXV.

695 1248 787 1290 Au
834 1246 1232 1291 roerNAM
1277 1246 1680 1290 ΑΝΤῙΑΤΕΜ.

516 1458 714 1493 Fortunae
743 1453 922 1501 potentin
948 1452 1110 1488 uberius
1140 1453 1320 1495 laudata,
1350 1458 1536 1500 precatur
1554 1464 1635 1487 eam
1658 1460 1702 1489 ut
1721 1453 1834 1491 adsit
1858 1458 1935 1493 Au
1953 1483 1966 1490 -

443 1527 554 1570 guno
574 1519 617 1555 in
636 1516 888 1554 Britanniam
906 1516 1162 1564 profecturo,
1193 1522 1232 1552 ct
1251 1522 1294 1551 ut
1313 1515 1475 1551 omnino
1502 1527 1607 1551 arma
1627 1515 1672 1551 ab
1701 1515 1889 1556 internis
1915 1525 1972 1560 nd

443 1592 607 1622 externa
626 1582 729 1619 bella
749 1587 1048 1618 convertantur.
1097 1580 1220 1618 Metr.
1245 1578 1361 1616 XVI.

518 1671 577 1736 Ο
599 1680 741 1745 diva,
764 1688 974 1753 gratum
994 1697 1131 1751 quae
1150 1680 1290 1752 regis
1309 1679 1548 1743 Antium,

518 1773 764 1828 praesens
786 1755 866 1809 vel
891 1756 998 1808 imo
1014 1754 1192 1808 tollere
1212 1755 1277 1808 de
1293 1754 1464 1826 gradu

592 1830 809 1885 mortale
828 1847 1036 1901 corpuS,
1062 1829 1144 1883 vel
1166 1830 1421 1900 superbos

667 1913 865 1959 vertere
886 1905 1164 1959 funeribus
1186 1905 1508 1975 triumphos:
1531 1935 1607 1945 —

333 2011 357 2052 5
520 2006 568 2052 te
588 2015 785 2068 pauper
805 1997 972 2050 ambit
990 1996 1209 2051 sollicita
1237 2013 1387 2067 prece

517 2074 656 2136 ruris
677 2071 911 2131 colonus,
936 2080 1002 2135 te,
1027 2072 1298 2126 dominam
1319 2071 1577 2143 aequoriS,

590 2148 916 2220 quicumque
933 2147 1161 2219 Bithyna
1183 2145 1385 2199 lacessit

666 2221 1006 2292 Carpathium
1034 2220 1255 2293 pelagus
1272 2221 1468 2274 carina.

517 2317 588 2369 Te
608 2316 777 2368 Dacus
798 2331 966 2383 asper,
990 2312 1269 2386 teprofugi
1290 2311 1529 2385 Scythae,

333 2402 384 2443 10
516 2390 1129 2460 urbesquagentesque,
1154 2395 1203 2440 et
1225 2388 1431 2441 Latium
1453 2387 1615 2451 ferox,

591 2481 886 2537 regumque
906 2471 1097 2517 matres
1117 2462 1483 2526 barbarorum,
1513 2469 1563 2516 et

666 2538 917 2610 purpurei
937 2546 1181 2591 metuunt
1199 2538 1432 2612 tyranni,

518 2630 771 2684 iniurioso
793 2648 858 2683 ne
877 2629 1007 2700 pede
1027 2645 1247 2699 proruas

248 2729 443 2868 Ἰ
517 2713 741 2759 stantem
759 2703 1080 2769 columnam,
1105 2722 1207 2759 neu
1227 2704 1458 2776 populus
1483 2703 1734 2775 frequens
1920 2741 1950 2773 ,
