2081 3169
700 200 993 247 LIBER
1067 199 1143 243 ΙΙ.
1381 242 1388 249 ,
1608 188 1674 241 55

244 318 544 384 permutare
567 303 695 360 velis
708 301 859 354 erine
876 299 1201 372 Licymniae,

398 383 579 455 plenas
600 386 690 433 eut
710 376 946 430 Arabum
967 375 1178 441 domos,

249 477 379 531 dum
402 471 670 546 flagrantia
693 469 966 537 detorquet
987 465 1053 519 ad
1078 464 1254 518 oscula
1730 472 1782 514 25

249 552 526 610 cervicem,
551 554 641 601 aut
662 544 798 599 facili
821 541 1035 595 saevitia
1062 548 1229 611 negat,

250 643 388 699 quae
408 632 646 695 poscente
666 619 838 692 magis
858 615 1085 690 gaudeat
1102 614 1252 685 eripi,

401 698 668 753 interdum
688 710 869 766 rapere
886 690 1139 761 ocoepat‘?

622 898 671 953 0
731 896 793 952 D
854 891 908 949 E
982 887 1233 948 *x111.

173 1020 251 1064 IN
316 1015 675 1064 ARBOREM,
741 1010 957 1055 CUIUS
1017 1009 1199 1053 CASU
1249 1006 1677 1052 REPENTINO

389 1103 631 1149 PAENE
683 1098 1095 1144 OPPRESSUS
1151 1096 1461 1140 FUERAT.

247 1312 429 1351 Primum
448 1315 679 1346 exsecratur
697 1316 803 1349 eum,
823 1304 891 1354 qui
912 1304 1023 1342 illam
1040 1304 1262 1353 plumat-in
1295 1304 1392 1340 dein
1410 1302 1680 1352 propinquam

181 1378 328 1426 cuique
348 1381 536 1417 mortem,
561 1372 798 1419 'Or-cumque
816 1369 864 1405 ob
882 1370 1019 1405 oculo·
1046 1368 1124 1405 sibi
1144 1368 1283 1418 ponit.
1311 1375 1350 1405 et
1376 1367 1466 1404 illic
1495 1372 1680 1404 canentes

182 1440 341 1490 Sappho
360 1439 651 1486 Alcaeumque,
671 1432 960 1471 admirantibus
980 1430 1146 1468 umbrin.
1194 1434 1318 1470 Metr.
1344 1431 1461 1470 XVI.

256 1525 356 1589 Ille
375 1540 424 1586 et
442 1528 641 1584 nefasto
657 1534 709 1581 'te
728 1526 902 1598 posuit
922 1524 1024 1588 die,

256 1610 584 1682 quicumque
604 1604 859 1676 primum,
884 1609 934 1656 et
950 1599 1205 1672 sacrilega
1225 1616 1388 1673 manu

333 1682 602 1756 produxit,
629 1679 800 1743 arboe,
825 1679 876 1731 in
902 1684 1152 1747 nepotum

408 1756 712 1830 perniciem,
736 1752 1188 1825 opprobriumque
1205 1751 1356 1823 pagi3

258 1852 412 1906 illum
434 1856 484 1903 et
501 1848 732 1920 parentis
752 1844 1063 1899 crediderim
1084 1843 1170 1897 sui
1770 1850 1795 1893 5

259 1927 479 2001 fregisse
493 1924 767 1986 cervicem,
792 1928 842 1974 et
862 1918 1145 1990 penetralia

334 2000 590 2073 sparsisse
612 2004 864 2052 nocturno
883 2012 1066 2048 cruore

409 2075 658 2145 hospitis;
703 2069 790 2125 ille
810 2087 1008 2124 venena
1029 2067 1240 2132 Colcha,

261 2177 311 2224 et
327 2166 596 2241 quidquid
617 2181 845 2235 usquam
870 2161 1163 2231 concipitur
1184 2158 1346 2223 nesae,

261 2244 516 2305 tractavit,
543 2258 668 2313 agro
689 2239 784 2310 qui
804 2237 982 2291 statuit
1003 2252 1119 2289 meo
1742 2238 1795 2281 1⁰

336 2328 386 2373 te
406 2318 553 2371 triste
572 2316 801 2387 lignum,
824 2322 874 2366 te
893 2312 1155 2366 caducum

411 2394 468 2447 in
490 2391 692 2446 domini
712 2397 869 2461 caput
895 2385 1238 2441 immerentis,

264 2483 403 2550 Quid
421 2483 654 2555 quisque
671 2482 816 2544 vitet,
841 2495 1140 2551 numquam
1161 2474 1362 2529 homini
1383 2480 1509 2527 satis

265 2567 478 2613 cautum
496 2565 574 2611 est
595 2558 647 2611 in
676 2557 851 2611 horas.
931 2554 1119 2607 Navita
1139 2552 1428 2619 Bosporum

338 2635 542 2689 Poenus
563 2630 926 2704 perhorrescit,
954 2645 1128 2697 neque
1150 2624 1283 2679 ultra
1745 2626 1797 2669 15

415 2725 564 2764 caeca
584 2708 734 2763 timet
751 2703 967 2761 aliunde
986 2701 1115 2767 fata3
