<?xml version="1.0" encoding="UTF-8"?>
<!DOCTYPE html PUBLIC "-//W3C//DTD XHTML 1.0 Transitional//EN"
    "http://www.w3.org/TR/xhtml1/DTD/xhtml1-transitional.dtd">
<html xmlns="http://www.w3.org/1999/xhtml" xml:lang="en" lang="en">
 <head>
  <title>
</title>
<meta http-equiv="Content-Type" content="text/html;charset=utf-8" />
  <meta name='ocr-system' content='tesseract 3.04.00' />
  <meta name='ocr-capabilities' content='ocr_page ocr_carea ocr_par ocr_line ocrx_word'/>
</head>
<body>
  <div class='ocr_page' id='page_1' title='image "./qhoratiiflaccio02weisgoog_0248.png"; bbox 0 0 2081 3169; ppageno 0'>
   <div class='ocr_carea' id='block_1_1' title="bbox 463 211 1479 268">
    <p class='ocr_par' dir='ltr' id='par_1_1' title="bbox 463 211 1479 268">
     <span class='ocr_line' id='line_1_1' title="bbox 463 211 1479 268; baseline -0.006 -1"><span class='ocrx_word' id='word_1_1' title='bbox 463 211 564 268; x_wconf 73' lang='lat'>238</span> <span class='ocrx_word' id='word_1_2' title='bbox 925 213 1479 262; x_wconf 69' lang='lat' dir='ltr'>EPISTOLARUM</span> 
     </span>
    </p>
   </div>
   <div class='ocr_carea' id='block_1_2' title="bbox 358 315 1963 2767">
    <p class='ocr_par' dir='ltr' id='par_1_2' title="bbox 464 315 1883 464">
     <span class='ocr_line' id='line_1_2' title="bbox 464 315 1883 391; baseline 0.001 -20"><span class='ocrx_word' id='word_1_3' title='bbox 464 335 557 390; x_wconf 86' lang='lat' dir='ltr'>per</span> <span class='ocrx_word' id='word_1_4' title='bbox 577 322 721 371; x_wconf 83' lang='lat' dir='ltr'>mare</span> <span class='ocrx_word' id='word_1_5' title='bbox 736 317 1040 388; x_wconf 78' lang='lat' dir='ltr'>pauperiem</span> <span class='ocrx_word' id='word_1_6' title='bbox 1061 315 1288 388; x_wconf 78' lang='lat' dir='ltr'>fugiens,</span> <span class='ocrx_word' id='word_1_7' title='bbox 1312 333 1409 388; x_wconf 85' lang='lat' dir='ltr'>per</span> <span class='ocrx_word' id='word_1_8' title='bbox 1425 333 1569 380; x_wconf 85' lang='lat' dir='ltr'>saxa,</span> <span class='ocrx_word' id='word_1_9' title='bbox 1592 331 1685 387; x_wconf 88' lang='lat' dir='ltr'>per</span> <span class='ocrx_word' id='word_1_10' title='bbox 1711 317 1883 391; x_wconf 55' lang='lat' dir='ltr'>ignes:</span> 
     </span>
     <span class='ocr_line' id='line_1_3' title="bbox 466 389 1610 464; baseline -0.002 -18"><span class='ocrx_word' id='word_1_11' title='bbox 466 409 533 464; x_wconf 67' lang='lat' dir='ltr'>ne</span> <span class='ocrx_word' id='word_1_12' title='bbox 551 408 701 446; x_wconf 84' lang='lat' dir='ltr'>cures</span> <span class='ocrx_word' id='word_1_13' title='bbox 719 409 795 456; x_wconf 88' lang='lat' dir='ltr'>ea,</span> <span class='ocrx_word' id='word_1_14' title='bbox 819 407 956 463; x_wconf 86' lang='lat' dir='ltr'>quae</span> <span class='ocrx_word' id='word_1_15' title='bbox 972 389 1129 445; x_wconf 77' lang='lat' dir='ltr'>stulte</span> <span class='ocrx_word' id='word_1_16' title='bbox 1154 391 1363 445; x_wconf 85' lang='lat' dir='ltr'>miraris</span> <span class='ocrx_word' id='word_1_17' title='bbox 1378 398 1430 445; x_wconf 88' lang='lat' dir='ltr'>et</span> <span class='ocrx_word' id='word_1_18' title='bbox 1446 399 1610 462; x_wconf 76' lang='lat' dir='ltr'>optaS,</span> 
     </span>
    </p>

    <p class='ocr_par' dir='ltr' id='par_1_3' title="bbox 466 464 1713 521">
     <span class='ocr_line' id='line_1_4' title="bbox 466 464 1713 521; baseline -0.002 0"><span class='ocrx_word' id='word_1_19' title='bbox 466 466 665 521; x_wconf 76' lang='lat' dir='ltr'><strong>discere</strong></span> <span class='ocrx_word' id='word_1_20' title='bbox 682 474 733 521; x_wconf 89' lang='lat' dir='ltr'>et</span> <span class='ocrx_word' id='word_1_21' title='bbox 750 465 936 521; x_wconf 81' lang='lat' dir='ltr'>audire</span> <span class='ocrx_word' id='word_1_22' title='bbox 952 474 1003 520; x_wconf 89' lang='lat' dir='ltr'>et</span> <span class='ocrx_word' id='word_1_23' title='bbox 1020 465 1225 520; x_wconf 86' lang='lat' dir='ltr'>meliori</span> <span class='ocrx_word' id='word_1_24' title='bbox 1242 465 1451 521; x_wconf 70' lang='lat' dir='ltr'>caedere</span> <span class='ocrx_word' id='word_1_25' title='bbox 1466 483 1571 520; x_wconf 93' lang='lat' dir='ltr'>non</span> <span class='ocrx_word' id='word_1_26' title='bbox 1592 464 1713 520; x_wconf 72' lang='lat' dir='ltr'>vis?</span> 
     </span>
    </p>

    <p class='ocr_par' dir='ltr' id='par_1_4' title="bbox 465 540 1805 614">
     <span class='ocr_line' id='line_1_5' title="bbox 465 540 1805 614; baseline 0 -19"><span class='ocrx_word' id='word_1_27' title='bbox 465 541 614 608; x_wconf 89' lang='lat' dir='ltr'>Quis,</span> <span class='ocrx_word' id='word_1_28' title='bbox 639 542 840 596; x_wconf 85' lang='lat' dir='ltr'>circum</span> <span class='ocrx_word' id='word_1_29' title='bbox 857 558 1022 614; x_wconf 81' lang='lat' dir='ltr'>pagos</span> <span class='ocrx_word' id='word_1_30' title='bbox 1039 548 1092 595; x_wconf 89' lang='lat' dir='ltr'>et</span> <span class='ocrx_word' id='word_1_31' title='bbox 1108 541 1308 595; x_wconf 65' lang='lat' dir='ltr'>einaim</span> <span class='ocrx_word' id='word_1_32' title='bbox 1329 540 1552 611; x_wconf 70' lang='lat' dir='ltr'>compita</span> <span class='ocrx_word' id='word_1_33' title='bbox 1570 557 1805 613; x_wconf 80' lang='lat' dir='ltr'>pugnax,</span> 
     </span>
    </p>

    <p class='ocr_par' dir='ltr' id='par_1_5' title="bbox 358 615 1776 839">
     <span class='ocr_line' id='line_1_6' title="bbox 358 615 1776 690; baseline -0.002 -20"><span class='ocrx_word' id='word_1_34' title='bbox 358 628 409 671; x_wconf 84' lang='lat'>50</span> <span class='ocrx_word' id='word_1_35' title='bbox 468 634 661 690; x_wconf 82' lang='lat' dir='ltr'>magna</span> <span class='ocrx_word' id='word_1_36' title='bbox 679 616 913 672; x_wconf 84' lang='lat' dir='ltr'>coronari</span> <span class='ocrx_word' id='word_1_37' title='bbox 934 623 1230 670; x_wconf 76' lang='lat' dir='ltr'>contemnat</span> <span class='ocrx_word' id='word_1_38' title='bbox 1247 615 1511 689; x_wconf 76' lang='lat' dir='ltr'>Olympia,</span> <span class='ocrx_word' id='word_1_39' title='bbox 1534 615 1621 668; x_wconf 86' lang='lat' dir='ltr'>cui</span> <span class='ocrx_word' id='word_1_40' title='bbox 1640 631 1776 685; x_wconf 79' lang='lat' dir='ltr'>speS,</span> 
     </span>
     <span class='ocr_line' id='line_1_7' title="bbox 465 688 1707 761; baseline -0.003 -16"><span class='ocrx_word' id='word_1_41' title='bbox 465 695 553 745; x_wconf 88' lang='lat' dir='ltr'>cui</span> <span class='ocrx_word' id='word_1_42' title='bbox 574 692 642 745; x_wconf 88' lang='lat' dir='ltr'>sit</span> <span class='ocrx_word' id='word_1_43' title='bbox 660 691 887 746; x_wconf 89' lang='lat' dir='ltr'>conditio</span> <span class='ocrx_word' id='word_1_44' title='bbox 906 689 1078 746; x_wconf 87' lang='lat' dir='ltr'>dulcis</span> <span class='ocrx_word' id='word_1_45' title='bbox 1099 690 1213 745; x_wconf 87' lang='lat' dir='ltr'>sine</span> <span class='ocrx_word' id='word_1_46' title='bbox 1227 689 1446 761; x_wconf 81' lang='lat' dir='ltr'>pulvere</span> <span class='ocrx_word' id='word_1_47' title='bbox 1467 688 1707 760; x_wconf 69' lang='lat' dir='ltr'>palmae?</span> 
     </span>
     <span class='ocr_line' id='line_1_8' title="bbox 465 765 1739 839; baseline -0.005 -17"><span class='ocrx_word' id='word_1_48' title='bbox 465 766 639 822; x_wconf 88' lang='lat' dir='ltr'><strong>Vilius</strong></span> <span class='ocrx_word' id='word_1_49' title='bbox 656 773 934 839; x_wconf 78' lang='lat' dir='ltr'>argentum</span> <span class='ocrx_word' id='word_1_50' title='bbox 951 773 1031 819; x_wconf 80' lang='lat' dir='ltr'>est</span> <span class='ocrx_word' id='word_1_51' title='bbox 1050 782 1196 830; x_wconf 80' lang='lat' dir='ltr'>auro,</span> <span class='ocrx_word' id='word_1_52' title='bbox 1227 765 1510 818; x_wconf 79' lang='lat' dir='ltr'>virtutibus</span> <span class='ocrx_word' id='word_1_53' title='bbox 1528 777 1739 817; x_wconf 83' lang='lat' dir='ltr'>aurum.</span> 
     </span>
    </p>

    <p class='ocr_par' dir='ltr' id='par_1_6' title="bbox 466 837 1954 986">
     <span class='ocr_line' id='line_1_9' title="bbox 466 837 1849 911; baseline -0.001 -19"><span class='ocrx_word' id='word_1_54' title='bbox 466 840 550 896; x_wconf 79' lang='grc' dir='ltr'>»Ο</span> <span class='ocrx_word' id='word_1_55' title='bbox 568 842 728 906; x_wconf 84' lang='lat' dir='ltr'>cives,</span> <span class='ocrx_word' id='word_1_56' title='bbox 750 841 910 905; x_wconf 60' lang='lat' dir='ltr'>cives»,</span> <span class='ocrx_word' id='word_1_57' title='bbox 934 837 1234 911; x_wconf 88' lang='lat' dir='ltr'>quaerenda</span> <span class='ocrx_word' id='word_1_58' title='bbox 1251 839 1475 909; x_wconf 86' lang='lat' dir='ltr'>pecunia</span> <span class='ocrx_word' id='word_1_59' title='bbox 1491 838 1726 908; x_wconf 84' lang='lat' dir='ltr'>primum</span> <span class='ocrx_word' id='word_1_60' title='bbox 1745 845 1849 905; x_wconf 79' lang='lat' dir='ltr'>est3</span> 
     </span>
     <span class='ocr_line' id='line_1_10' title="bbox 468 912 1954 986; baseline -0.001 -20"><span class='ocrx_word' id='word_1_61' title='bbox 468 916 673 982; x_wconf 78' lang='lat' dir='ltr'>»virtus</span> <span class='ocrx_word' id='word_1_62' title='bbox 692 924 809 986; x_wconf 89' lang='lat' dir='ltr'>post</span> <span class='ocrx_word' id='word_1_63' title='bbox 827 931 1077 970; x_wconf 86' lang='lat' dir='ltr'>nummos</span> <span class='ocrx_word' id='word_1_64' title='bbox 1094 915 1146 968; x_wconf 77' lang='lat'>1«</span> <span class='ocrx_word' id='word_1_65' title='bbox 1171 914 1306 967; x_wconf 81' lang='lat' dir='ltr'>Haec</span> <span class='ocrx_word' id='word_1_66' title='bbox 1321 914 1479 966; x_wconf 80' lang='lat' dir='ltr'>Ianus</span> <span class='ocrx_word' id='word_1_67' title='bbox 1496 927 1744 966; x_wconf 85' lang='lat' dir='ltr'>summus</span> <span class='ocrx_word' id='word_1_68' title='bbox 1760 912 1826 965; x_wconf 89' lang='lat' dir='ltr'>ab</span> <span class='ocrx_word' id='word_1_69' title='bbox 1848 913 1954 966; x_wconf 87' lang='lat' dir='ltr'>imo</span> 
     </span>
    </p>

    <p class='ocr_par' dir='ltr' id='par_1_7' title="bbox 359 987 1878 1061">
     <span class='ocr_line' id='line_1_11' title="bbox 359 987 1878 1061; baseline -0.003 -16"><span class='ocrx_word' id='word_1_70' title='bbox 359 1001 412 1045; x_wconf 77' lang='lat'>55</span> <span class='ocrx_word' id='word_1_71' title='bbox 466 990 724 1061; x_wconf 80' lang='lat' dir='ltr'>prodocet,</span> <span class='ocrx_word' id='word_1_72' title='bbox 747 991 875 1043; x_wconf 87' lang='lat' dir='ltr'>haec</span> <span class='ocrx_word' id='word_1_73' title='bbox 893 990 1136 1043; x_wconf 85' lang='lat' dir='ltr'>recinunt</span> <span class='ocrx_word' id='word_1_74' title='bbox 1154 988 1371 1043; x_wconf 67' lang='lat' dir='ltr'>iuvenes</span> <span class='ocrx_word' id='word_1_75' title='bbox 1398 987 1583 1040; x_wconf 83' lang='lat' dir='ltr'>dictata</span> <span class='ocrx_word' id='word_1_76' title='bbox 1603 1004 1878 1059; x_wconf 86' lang='lat' dir='ltr'>senesque,</span> 
     </span>
    </p>

    <p class='ocr_par' dir='ltr' id='par_1_8' title="bbox 470 1058 1712 1139">
     <span class='ocr_line' id='line_1_12' title="bbox 470 1058 1712 1139; baseline -0.003 -21"><span class='ocrx_word' id='word_1_77' title='bbox 470 1063 648 1139; x_wconf 81' lang='lat' dir='ltr'>[laevo</span> <span class='ocrx_word' id='word_1_78' title='bbox 665 1064 908 1135; x_wconf 75' lang='lat' dir='ltr'>suspensi</span> <span class='ocrx_word' id='word_1_79' title='bbox 926 1062 1124 1118; x_wconf 81' lang='lat' dir='ltr'>loculos</span> <span class='ocrx_word' id='word_1_80' title='bbox 1144 1062 1456 1133; x_wconf 75' lang='lat' dir='ltr'>tabulasque</span> <span class='ocrx_word' id='word_1_81' title='bbox 1475 1058 1712 1134; x_wconf 69' lang='lat' dir='ltr'>lacerto]</span> 
     </span>
    </p>

    <p class='ocr_par' dir='ltr' id='par_1_9' title="bbox 467 1135 1819 1209">
     <span class='ocr_line' id='line_1_13' title="bbox 467 1135 1819 1209; baseline -0.004 -15"><span class='ocrx_word' id='word_1_82' title='bbox 467 1140 563 1195; x_wconf 85' lang='lat' dir='ltr'>Est</span> <span class='ocrx_word' id='word_1_83' title='bbox 580 1138 792 1192; x_wconf 89' lang='lat' dir='ltr'>animus</span> <span class='ocrx_word' id='word_1_84' title='bbox 812 1137 926 1203; x_wconf 86' lang='lat' dir='ltr'>tibi,</span> <span class='ocrx_word' id='word_1_85' title='bbox 951 1145 1078 1192; x_wconf 84' lang='lat' dir='ltr'>sunt</span> <span class='ocrx_word' id='word_1_86' title='bbox 1097 1153 1267 1191; x_wconf 83' lang='lat' dir='ltr'>mores</span> <span class='ocrx_word' id='word_1_87' title='bbox 1285 1145 1336 1190; x_wconf 91' lang='lat' dir='ltr'>et</span> <span class='ocrx_word' id='word_1_88' title='bbox 1355 1136 1536 1209; x_wconf 84' lang='lat' dir='ltr'>lingua</span> <span class='ocrx_word' id='word_1_89' title='bbox 1557 1135 1819 1207; x_wconf 70' lang='lat' dir='ltr'>fldoeq&#39;ue:</span> 
     </span>
    </p>

    <p class='ocr_par' dir='ltr' id='par_1_10' title="bbox 468 1210 1679 1285">
     <span class='ocr_line' id='line_1_14' title="bbox 468 1210 1679 1285; baseline -0.004 -17"><span class='ocrx_word' id='word_1_90' title='bbox 468 1214 516 1268; x_wconf 90' lang='lat' dir='ltr'>si</span> <span class='ocrx_word' id='word_1_91' title='bbox 534 1211 937 1285; x_wconf 80' lang='lat' dir='ltr'>quadringentis</span> <span class='ocrx_word' id='word_1_92' title='bbox 955 1228 1050 1267; x_wconf 85' lang='lat' dir='ltr'>sex</span> <span class='ocrx_word' id='word_1_93' title='bbox 1069 1220 1267 1283; x_wconf 76' lang='lat' dir='ltr'>septem</span> <span class='ocrx_word' id='word_1_94' title='bbox 1288 1211 1454 1265; x_wconf 84' lang='lat' dir='ltr'>millia</span> <span class='ocrx_word' id='word_1_95' title='bbox 1471 1210 1679 1274; x_wconf 52' lang='lat' dir='ltr'>desunt,</span> 
     </span>
    </p>

    <p class='ocr_par' dir='ltr' id='par_1_11' title="bbox 363 1284 1894 1416">
     <span class='ocr_line' id='line_1_15' title="bbox 469 1284 1894 1359; baseline -0.001 -18"><span class='ocrx_word' id='word_1_96' title='bbox 469 1286 620 1359; x_wconf 81' lang='lat' dir='ltr'>plebs</span> <span class='ocrx_word' id='word_1_97' title='bbox 637 1286 759 1339; x_wconf 90' lang='lat' dir='ltr'>eris.</span> <span class='ocrx_word' id='word_1_98' title='bbox 837 1286 907 1341; x_wconf 81' lang='lat' dir='ltr'>At</span> <span class='ocrx_word' id='word_1_99' title='bbox 922 1286 1074 1357; x_wconf 80' lang='lat' dir='ltr'>pueri</span> <span class='ocrx_word' id='word_1_100' title='bbox 1096 1285 1358 1341; x_wconf 82' lang='lat' dir='ltr'>ludentes:</span> <span class='ocrx_word' id='word_1_101' title='bbox 1399 1284 1666 1349; x_wconf 57' lang='grc' dir='ltr'>πειθὼ,</span> <span class='ocrx_word' id='word_1_102' title='bbox 1682 1303 1709 1337; x_wconf 79' lang='grc' dir='ltr'><strong>α</strong></span> <span class='ocrx_word' id='word_1_103' title='bbox 1727 1284 1894 1350; x_wconf 81' lang='lat' dir='ltr'>aiunt,</span> 
     </span>
     <span class='ocr_line' id='line_1_16' title="bbox 363 1358 1719 1416; baseline -0.001 -1"><span class='ocrx_word' id='word_1_104' title='bbox 363 1373 415 1415; x_wconf 69' lang='grc' dir='ltr'>σο</span> <span class='ocrx_word' id='word_1_105' title='bbox 471 1361 553 1416; x_wconf 79' lang='lat' dir='ltr'>»si</span> <span class='ocrx_word' id='word_1_106' title='bbox 573 1368 708 1414; x_wconf 83' lang='lat' dir='ltr'>recte</span> <span class='ocrx_word' id='word_1_107' title='bbox 725 1358 940 1416; x_wconf 55' lang='lat' dir='ltr'>facies«</span> <span class='ocrx_word' id='word_1_108' title='bbox 1013 1361 1110 1415; x_wconf 83' lang='lat' dir='ltr'>Hic</span> <span class='ocrx_word' id='word_1_109' title='bbox 1127 1375 1316 1415; x_wconf 79' lang='lat' dir='ltr'>murus</span> <span class='ocrx_word' id='word_1_110' title='bbox 1334 1360 1565 1414; x_wconf 77' lang='lat' dir='ltr'>aheneus</span> <span class='ocrx_word' id='word_1_111' title='bbox 1583 1366 1719 1414; x_wconf 70' lang='lat' dir='ltr'>esto:</span> 
     </span>
    </p>

    <p class='ocr_par' dir='ltr' id='par_1_12' title="bbox 468 1434 1601 1505">
     <span class='ocr_line' id='line_1_17' title="bbox 468 1434 1601 1505; baseline -0.004 -14"><span class='ocrx_word' id='word_1_112' title='bbox 468 1436 545 1491; x_wconf 90' lang='lat' dir='ltr'>nil</span> <span class='ocrx_word' id='word_1_113' title='bbox 567 1435 798 1490; x_wconf 79' lang='lat' dir='ltr'>conscire</span> <span class='ocrx_word' id='word_1_114' title='bbox 817 1435 940 1500; x_wconf 85' lang='lat' dir='ltr'>sibi,</span> <span class='ocrx_word' id='word_1_115' title='bbox 966 1434 1113 1489; x_wconf 75' lang='lat' dir='ltr'>nulla</span> <span class='ocrx_word' id='word_1_116' title='bbox 1131 1434 1411 1505; x_wconf 69' lang='lat' dir='ltr'>pallescere</span> <span class='ocrx_word' id='word_1_117' title='bbox 1426 1434 1601 1505; x_wconf 76' lang='lat' dir='ltr'>culpa.</span> 
     </span>
    </p>

    <p class='ocr_par' dir='ltr' id='par_1_13' title="bbox 470 1507 1795 1595">
     <span class='ocr_line' id='line_1_18' title="bbox 470 1507 1795 1595; baseline -0.002 -31"><span class='ocrx_word' id='word_1_118' title='bbox 470 1513 671 1574; x_wconf 72' lang='lat' dir='ltr'>Roscia,</span> <span class='ocrx_word' id='word_1_119' title='bbox 696 1507 783 1562; x_wconf 89' lang='lat' dir='ltr'>dic</span> <span class='ocrx_word' id='word_1_120' title='bbox 799 1508 968 1576; x_wconf 63' lang='lat' dir='ltr'>sodes,</span> <span class='ocrx_word' id='word_1_121' title='bbox 992 1508 1179 1563; x_wconf 78' lang='lat' dir='ltr'>melior</span> <span class='ocrx_word' id='word_1_122' title='bbox 1197 1508 1300 1572; x_wconf 81' lang='lat' dir='ltr'>lex,</span> <span class='ocrx_word' id='word_1_123' title='bbox 1326 1525 1391 1562; x_wconf 76' lang='lat' dir='ltr'>au</span> <span class='ocrx_word' id='word_1_124' title='bbox 1408 1524 1695 1595; x_wconf 76' lang='lat' dir='ltr'>puerorum</span> <span class='ocrx_word' id='word_1_125' title='bbox 1714 1516 1795 1562; x_wconf 87' lang='lat' dir='ltr'>est</span> 
     </span>
    </p>

    <p class='ocr_par' dir='ltr' id='par_1_14' title="bbox 469 1582 1707 1656">
     <span class='ocr_line' id='line_1_19' title="bbox 469 1582 1707 1656; baseline -0.003 -16"><span class='ocrx_word' id='word_1_126' title='bbox 469 1586 642 1650; x_wconf 90' lang='lat' dir='ltr'>nenia,</span> <span class='ocrx_word' id='word_1_127' title='bbox 667 1601 803 1655; x_wconf 87' lang='lat' dir='ltr'>quae</span> <span class='ocrx_word' id='word_1_128' title='bbox 820 1600 1047 1656; x_wconf 81' lang='lat' dir='ltr'>regnum</span> <span class='ocrx_word' id='word_1_129' title='bbox 1065 1591 1198 1637; x_wconf 74' lang='lat' dir='ltr'>tecte</span> <span class='ocrx_word' id='word_1_130' title='bbox 1216 1582 1524 1638; x_wconf 79' lang='lat' dir='ltr'>facienubus</span> <span class='ocrx_word' id='word_1_131' title='bbox 1544 1582 1707 1648; x_wconf 70' lang='lat' dir='ltr'>offert,</span> 
     </span>
    </p>

    <p class='ocr_par' dir='ltr' id='par_1_15' title="bbox 468 1656 1628 1717">
     <span class='ocr_line' id='line_1_20' title="bbox 468 1656 1628 1717; baseline -0.004 -2"><span class='ocrx_word' id='word_1_132' title='bbox 468 1668 520 1715; x_wconf 90' lang='lat' dir='ltr'>et</span> <span class='ocrx_word' id='word_1_133' title='bbox 536 1660 775 1714; x_wconf 85' lang='lat' dir='ltr'>maribus</span> <span class='ocrx_word' id='word_1_134' title='bbox 794 1658 970 1713; x_wconf 82' lang='lat' dir='ltr'>Curiis</span> <span class='ocrx_word' id='word_1_135' title='bbox 993 1667 1046 1712; x_wconf 87' lang='lat' dir='ltr'>et</span> <span class='ocrx_word' id='word_1_136' title='bbox 1069 1659 1334 1712; x_wconf 71' lang='lat' dir='ltr'>decantata</span> <span class='ocrx_word' id='word_1_137' title='bbox 1354 1656 1628 1717; x_wconf 66' lang='lat' dir='ltr'>Camillis?</span> 
     </span>
    </p>

    <p class='ocr_par' dir='ltr' id='par_1_16' title="bbox 362 1731 1873 2098">
     <span class='ocr_line' id='line_1_21' title="bbox 362 1731 1844 1805; baseline -0.003 -15"><span class='ocrx_word' id='word_1_138' title='bbox 362 1746 413 1790; x_wconf 79' lang='lat'>65</span> <span class='ocrx_word' id='word_1_139' title='bbox 471 1736 589 1789; x_wconf 88' lang='lat' dir='ltr'>Isne</span> <span class='ocrx_word' id='word_1_140' title='bbox 607 1733 703 1787; x_wconf 87' lang='lat' dir='ltr'>tibi</span> <span class='ocrx_word' id='word_1_141' title='bbox 724 1732 916 1787; x_wconf 87' lang='lat' dir='ltr'>melius</span> <span class='ocrx_word' id='word_1_142' title='bbox 933 1732 1136 1797; x_wconf 82' lang='lat' dir='ltr'>suadet,</span> <span class='ocrx_word' id='word_1_143' title='bbox 1161 1733 1284 1805; x_wconf 81' lang='lat' dir='ltr'>qui:</span> <span class='ocrx_word' id='word_1_144' title='bbox 1324 1733 1490 1786; x_wconf 74' lang='lat' dir='ltr'>»Rem</span> <span class='ocrx_word' id='word_1_145' title='bbox 1508 1731 1686 1796; x_wconf 76' lang='lat' dir='ltr'>facias,</span> <span class='ocrx_word' id='word_1_146' title='bbox 1710 1749 1844 1796; x_wconf 79' lang='lat' dir='ltr'>rem,</span> 
     </span>
     <span class='ocr_line' id='line_1_22' title="bbox 468 1806 1873 1879; baseline -0.001 -18"><span class='ocrx_word' id='word_1_147' title='bbox 468 1809 551 1862; x_wconf 75' lang='lat' dir='ltr'>»si</span> <span class='ocrx_word' id='word_1_148' title='bbox 571 1808 760 1879; x_wconf 80' lang='lat' dir='ltr'>possiS‚</span> <span class='ocrx_word' id='word_1_149' title='bbox 785 1814 945 1875; x_wconf 88' lang='lat' dir='ltr'>recte;</span> <span class='ocrx_word' id='word_1_150' title='bbox 988 1807 1035 1860; x_wconf 88' lang='lat' dir='ltr'>si</span> <span class='ocrx_word' id='word_1_151' title='bbox 1058 1824 1181 1871; x_wconf 89' lang='lat' dir='ltr'>non,</span> <span class='ocrx_word' id='word_1_152' title='bbox 1206 1822 1544 1877; x_wconf 83' lang='lat' dir='ltr'>quocumque</span> <span class='ocrx_word' id='word_1_153' title='bbox 1561 1806 1720 1860; x_wconf 88' lang='lat' dir='ltr'>modo</span> <span class='ocrx_word' id='word_1_154' title='bbox 1737 1820 1873 1871; x_wconf 74' lang='lat' dir='ltr'>nem,</span> 
     </span>
     <span class='ocr_line' id='line_1_23' title="bbox 469 1881 1794 1953; baseline -0.001 -19"><span class='ocrx_word' id='word_1_155' title='bbox 469 1889 565 1935; x_wconf 81' lang='lat' dir='ltr'>»ut</span> <span class='ocrx_word' id='word_1_156' title='bbox 586 1882 805 1953; x_wconf 79' lang='lat' dir='ltr'>propius</span> <span class='ocrx_word' id='word_1_157' title='bbox 824 1888 1024 1952; x_wconf 75' lang='lat' dir='ltr'>spectes</span> <span class='ocrx_word' id='word_1_158' title='bbox 1045 1881 1316 1935; x_wconf 84' lang='lat' dir='ltr'>lacrimosa</span> <span class='ocrx_word' id='word_1_159' title='bbox 1334 1888 1570 1951; x_wconf 79' lang='lat' dir='ltr'>poemata</span> <span class='ocrx_word' id='word_1_160' title='bbox 1590 1882 1726 1951; x_wconf 62' lang='lat' dir='ltr'>Pupi</span> <span class='ocrx_word' id='word_1_161' title='bbox 1740 1900 1753 1934; x_wconf 73' lang='grc' dir='ltr'><strong><em>ε</em></strong></span> <span class='ocrx_word' id='word_1_162' title='bbox 1767 1901 1794 1932; x_wconf 80' lang='grc' dir='ltr'>α</span> 
     </span>
     <span class='ocr_line' id='line_1_24' title="bbox 469 1954 1599 2026; baseline -0.002 -17"><span class='ocrx_word' id='word_1_163' title='bbox 469 1973 538 2009; x_wconf 91' lang='lat' dir='ltr'>an</span> <span class='ocrx_word' id='word_1_164' title='bbox 559 1956 671 2026; x_wconf 90' lang='lat' dir='ltr'>qui,</span> <span class='ocrx_word' id='word_1_165' title='bbox 696 1954 934 2009; x_wconf 85' lang='lat' dir='ltr'>fortunae</span> <span class='ocrx_word' id='word_1_166' title='bbox 953 1963 1001 2009; x_wconf 88' lang='lat' dir='ltr'>te</span> <span class='ocrx_word' id='word_1_167' title='bbox 1018 1972 1324 2026; x_wconf 82' lang='lat' dir='ltr'>responsare</span> <span class='ocrx_word' id='word_1_168' title='bbox 1341 1955 1599 2026; x_wconf 76' lang='lat' dir='ltr'>superbae</span> 
     </span>
     <span class='ocr_line' id='line_1_25' title="bbox 471 2026 1815 2098; baseline -0.001 -16"><span class='ocrx_word' id='word_1_169' title='bbox 471 2029 698 2083; x_wconf 82' lang='lat' dir='ltr'>liberum</span> <span class='ocrx_word' id='word_1_170' title='bbox 716 2037 768 2083; x_wconf 84' lang='lat' dir='ltr'>et</span> <span class='ocrx_word' id='word_1_171' title='bbox 784 2037 1032 2093; x_wconf 77' lang='lat' dir='ltr'>erectum,</span> <span class='ocrx_word' id='word_1_172' title='bbox 1097 2046 1303 2083; x_wconf 79' lang='lat' dir='ltr'>raesens</span> <span class='ocrx_word' id='word_1_173' title='bbox 1322 2029 1558 2084; x_wconf 70' lang='lat' dir='ltr'>hortatur</span> <span class='ocrx_word' id='word_1_174' title='bbox 1576 2035 1628 2082; x_wconf 84' lang='lat' dir='ltr'>et</span> <span class='ocrx_word' id='word_1_175' title='bbox 1635 2026 1815 2098; x_wconf 74' lang='lat' dir='ltr'>aptat?</span> 
     </span>
    </p>

    <p class='ocr_par' dir='ltr' id='par_1_17' title="bbox 361 2102 1878 2470">
     <span class='ocr_line' id='line_1_26' title="bbox 361 2102 1776 2176; baseline -0.001 -19"><span class='ocrx_word' id='word_1_176' title='bbox 361 2115 413 2157; x_wconf 85' lang='lat'>70</span> <span class='ocrx_word' id='word_1_177' title='bbox 470 2102 622 2169; x_wconf 89' lang='lat' dir='ltr'>Quod</span> <span class='ocrx_word' id='word_1_178' title='bbox 643 2103 688 2156; x_wconf 88' lang='lat' dir='ltr'>si</span> <span class='ocrx_word' id='word_1_179' title='bbox 709 2120 794 2157; x_wconf 91' lang='lat' dir='ltr'>me</span> <span class='ocrx_word' id='word_1_180' title='bbox 810 2103 1042 2176; x_wconf 83' lang='lat' dir='ltr'>populus</span> <span class='ocrx_word' id='word_1_181' title='bbox 1103 2120 1328 2158; x_wconf 75' lang='lat' dir='ltr'>omanus</span> <span class='ocrx_word' id='word_1_182' title='bbox 1348 2103 1477 2159; x_wconf 65' lang='lat' dir='ltr'>sorte</span> <span class='ocrx_word' id='word_1_183' title='bbox 1493 2112 1659 2175; x_wconf 70' lang='lat' dir='ltr'>neget,</span> <span class='ocrx_word' id='word_1_184' title='bbox 1678 2118 1776 2156; x_wconf 74' lang='lat' dir='ltr'>cur</span> 
     </span>
     <span class='ocr_line' id='line_1_27' title="bbox 469 2177 1702 2248; baseline -0.002 -17"><span class='ocrx_word' id='word_1_185' title='bbox 469 2194 594 2241; x_wconf 90' lang='lat' dir='ltr'>non,</span> <span class='ocrx_word' id='word_1_186' title='bbox 617 2184 678 2231; x_wconf 91' lang='lat' dir='ltr'>ut</span> <span class='ocrx_word' id='word_1_187' title='bbox 696 2179 1002 2248; x_wconf 86' lang='lat' dir='ltr'>porticibus,</span> <span class='ocrx_word' id='word_1_188' title='bbox 1026 2178 1104 2231; x_wconf 87' lang='lat' dir='ltr'>sio</span> <span class='ocrx_word' id='word_1_189' title='bbox 1122 2178 1334 2231; x_wconf 85' lang='lat' dir='ltr'>iudiciis</span> <span class='ocrx_word' id='word_1_190' title='bbox 1350 2177 1495 2232; x_wconf 73' lang='lat' dir='ltr'>fruar</span> <span class='ocrx_word' id='word_1_191' title='bbox 1514 2177 1702 2240; x_wconf 79' lang='lat' dir='ltr'>isdem,</span> 
     </span>
     <span class='ocr_line' id='line_1_28' title="bbox 469 2249 1878 2325; baseline -0.001 -20"><span class='ocrx_word' id='word_1_192' title='bbox 469 2269 565 2305; x_wconf 88' lang='lat' dir='ltr'>nec</span> <span class='ocrx_word' id='word_1_193' title='bbox 583 2269 775 2322; x_wconf 87' lang='lat' dir='ltr'>sequar</span> <span class='ocrx_word' id='word_1_194' title='bbox 793 2260 883 2307; x_wconf 90' lang='lat' dir='ltr'>aut</span> <span class='ocrx_word' id='word_1_195' title='bbox 900 2251 1101 2325; x_wconf 79' lang='lat' dir='ltr'>fugiam</span> <span class='ocrx_word' id='word_1_196' title='bbox 1117 2294 1129 2316; x_wconf 92' lang='lat'>,</span> <span class='ocrx_word' id='word_1_197' title='bbox 1153 2268 1289 2323; x_wconf 81' lang='lat' dir='ltr'>quae</span> <span class='ocrx_word' id='word_1_198' title='bbox 1308 2251 1483 2323; x_wconf 77' lang='lat' dir='ltr'>diligit</span> <span class='ocrx_word' id='word_1_199' title='bbox 1502 2252 1613 2320; x_wconf 86' lang='lat' dir='ltr'>ipse</span> <span class='ocrx_word' id='word_1_200' title='bbox 1632 2249 1715 2305; x_wconf 86' lang='lat' dir='ltr'>vel</span> <span class='ocrx_word' id='word_1_201' title='bbox 1738 2249 1878 2304; x_wconf 77' lang='lat' dir='ltr'>odit:</span> 
     </span>
     <span class='ocr_line' id='line_1_29' title="bbox 469 2324 1520 2399; baseline -0.002 -20"><span class='ocrx_word' id='word_1_202' title='bbox 469 2324 596 2379; x_wconf 90' lang='lat' dir='ltr'>olim</span> <span class='ocrx_word' id='word_1_203' title='bbox 617 2326 761 2396; x_wconf 89' lang='lat' dir='ltr'>quod</span> <span class='ocrx_word' id='word_1_204' title='bbox 786 2326 972 2396; x_wconf 84' lang='lat' dir='ltr'>vulpes</span> <span class='ocrx_word' id='word_1_205' title='bbox 991 2334 1195 2399; x_wconf 71' lang='lat' dir='ltr'>aegnoto</span> <span class='ocrx_word' id='word_1_206' title='bbox 1215 2333 1363 2379; x_wconf 77' lang='lat' dir='ltr'>cauta</span> <span class='ocrx_word' id='word_1_207' title='bbox 1381 2325 1520 2387; x_wconf 84' lang='lat' dir='ltr'>leoni</span> 
     </span>
     <span class='ocr_line' id='line_1_30' title="bbox 468 2399 1791 2470; baseline -0.002 -18"><span class='ocrx_word' id='word_1_208' title='bbox 468 2399 754 2469; x_wconf 82' lang='lat' dir='ltr'>respondit,</span> <span class='ocrx_word' id='word_1_209' title='bbox 779 2399 1024 2455; x_wconf 85' lang='lat' dir='ltr'>referam:</span> <span class='ocrx_word' id='word_1_210' title='bbox 1079 2400 1216 2465; x_wconf 81' lang='lat' dir='ltr'>Quia</span> <span class='ocrx_word' id='word_1_211' title='bbox 1234 2417 1320 2453; x_wconf 86' lang='lat' dir='ltr'>me</span> <span class='ocrx_word' id='word_1_212' title='bbox 1340 2399 1559 2470; x_wconf 78' lang='lat' dir='ltr'>vestigia</span> <span class='ocrx_word' id='word_1_213' title='bbox 1579 2404 1791 2459; x_wconf 76' lang='lat' dir='ltr'>terrent,</span> 
     </span>
    </p>

    <p class='ocr_par' dir='ltr' id='par_1_18' title="bbox 361 2473 1963 2671">
     <span class='ocr_line' id='line_1_31' title="bbox 361 2473 1844 2543; baseline -0.002 -18"><span class='ocrx_word' id='word_1_214' title='bbox 361 2483 414 2525; x_wconf 77' lang='lat'>75</span> <span class='ocrx_word' id='word_1_215' title='bbox 469 2474 648 2526; x_wconf 81' lang='lat' dir='ltr'>omnia</span> <span class='ocrx_word' id='word_1_216' title='bbox 669 2480 718 2526; x_wconf 88' lang='lat' dir='ltr'>te</span> <span class='ocrx_word' id='word_1_217' title='bbox 738 2473 1018 2527; x_wconf 79' lang='lat' dir='ltr'>adversum</span> <span class='ocrx_word' id='word_1_218' title='bbox 1038 2474 1340 2543; x_wconf 69' lang='lat' dir='ltr'>spectantia,</span> <span class='ocrx_word' id='word_1_219' title='bbox 1366 2473 1510 2526; x_wconf 83' lang='lat' dir='ltr'>nulla</span> <span class='ocrx_word' id='word_1_220' title='bbox 1532 2480 1844 2524; x_wconf 73' lang='lat' dir='ltr'>retrorsum.</span> 
     </span>
     <span class='ocr_line' id='line_1_32' title="bbox 468 2545 1963 2671; baseline -0.004 -72"><span class='ocrx_word' id='word_1_221' title='bbox 468 2546 647 2600; x_wconf 87' lang='lat' dir='ltr'>Bellua</span> <span class='ocrx_word' id='word_1_222' title='bbox 685 2546 974 2602; x_wconf 85' lang='lat' dir='ltr'>multorum</span> <span class='ocrx_word' id='word_1_223' title='bbox 1012 2565 1069 2601; x_wconf 86' lang='lat' dir='ltr'>es</span> <span class='ocrx_word' id='word_1_224' title='bbox 1097 2547 1350 2618; x_wconf 73' lang='lat' dir='ltr'>capitum.</span> <span class='ocrx_word' id='word_1_225' title='bbox 1423 2545 1963 2671; x_wconf 47' lang='lat' dir='ltr'>Nam&#39;quid·?seq=1ar,</span> 
     </span>
    </p>

    <p class='ocr_par' dir='ltr' id='par_1_19' title="bbox 470 2628 1932 2767">
     <span class='ocr_line' id='line_1_33' title="bbox 1455 2628 1723 2674; baseline -0.004 0"><span class='ocrx_word' id='word_1_226' title='bbox 1455 2628 1544 2674; x_wconf 85' lang='lat' dir='ltr'>aut</span> <span class='ocrx_word' id='word_1_227' title='bbox 1639 2637 1723 2673; x_wconf 86' lang='lat' dir='ltr'>em</span> 
     </span>
     <span class='ocr_line' id='line_1_34' title="bbox 470 2634 1932 2767; baseline -0.001 -21"><span class='ocrx_word' id='word_1_228' title='bbox 470 2694 598 2746; x_wconf 87' lang='lat' dir='ltr'>Pars</span> <span class='ocrx_word' id='word_1_229' title='bbox 617 2692 895 2749; x_wconf 87' lang='lat' dir='ltr'>hominum</span> <span class='ocrx_word' id='word_1_230' title='bbox 915 2697 1073 2767; x_wconf 81' lang='lat' dir='ltr'>gestit</span> <span class='ocrx_word' id='word_1_231' title='bbox 1090 2695 1376 2750; x_wconf 84' lang='lat' dir='ltr'>conducere</span> <span class='ocrx_word' id='word_1_232' title='bbox 1391 2634 1636 2767; x_wconf 54' lang='lat' dir='ltr'>publig}</span> <span class='ocrx_word' id='word_1_233' title='bbox 1677 2700 1809 2748; x_wconf 83' lang='lat' dir='ltr'>sunt</span> <span class='ocrx_word' id='word_1_234' title='bbox 1833 2691 1932 2764; x_wconf 83' lang='lat' dir='ltr'>qui</span> 
     </span>
    </p>
   </div>
   <div class='ocr_carea' id='block_1_3' title="bbox 298 2762 571 3049">
    <p class='ocr_par' dir='ltr' id='par_1_20' title="bbox 298 2762 587 3049">
     <span class='ocr_line' id='line_1_35' title="bbox 298 2762 571 3049; baseline 0 -174"><span class='ocrx_word' id='word_1_235' title='bbox 298 2762 571 3049; x_wconf 21' lang='lat'>&amp;³¹2</span> 
     </span>
    </p>
   </div>
  </div>
 </body>
</html>
