2081 3169
548 214 694 261 ma.
734 214 778 259 1.
835 211 1078 264 Ems'r,
1119 216 1305 264 xvm.
1578 209 1679 268 269

175 314 262 373 vel
283 332 446 371 cursu
465 333 716 387 superare
733 332 917 369 canem
940 316 1022 370 vel
1044 317 1251 372 viribus
1267 335 1457 390 aprum

174 392 372 467 possis,
450 391 619 457 Adde,
645 388 821 447 virilia
841 390 987 462 quod
1006 392 1295 462 speciosius
1313 411 1459 450 arma

175 485 286 523 non
312 473 392 522 est
411 466 509 539 qui
527 473 726 521 tractet.
807 465 939 530 Scis,
963 484 1073 538 quo
1090 466 1316 522 clamore
1334 486 1552 526 coronae

177 542 376 615 proelia
396 543 661 598 sustineas
682 542 1020 614 campestria3
1066 542 1297 620 denique
1317 561 1526 601 saevam

177 617 428 673 militiam
447 635 581 689 puer
604 625 656 673 et
674 617 983 673 Cantabrica
1003 616 1141 672 bella
1162 618 1330 672 tulisti
1740 634 1790 675 55

179 693 284 748 suh
304 693 456 758 duce,
481 694 578 765 qui
602 692 811 764 templis
833 693 1147 748 Parthorum
1168 694 1322 767 signa
1343 695 1516 769 refigit

180 785 345 833 nunc,
369 775 436 833 et,
462 769 508 822 si
529 768 663 840 quid
683 769 847 833 abest,
872 767 1017 824 Italis
1043 769 1312 824 adiudicat
1328 772 1512 826 armis.

178 845 275 908 Ac,
300 860 368 898 ne
384 851 433 898 te
452 844 687 899 retrahas
706 851 757 898 et
777 844 1157 899 inexcusabilis
1177 845 1340 910 absis,

179 919 433 992 quamvis
453 917 529 973 nil
551 927 695 974 extra
717 936 1003 975 numerum
1024 918 1208 976 fecisse
1226 920 1556 995 modumque

78 1042 97 1059 ,
179 1011 354 1060 curaS,
376 994 646 1049 interdum
669 994 887 1068 nugaris
907 1003 1285 1067 rure-paterno.
1740 1009 1793 1052 60

179 1070 410 1124 Partitur
430 1067 613 1124 lintres
632 1071 918 1132 exercitum
959 1070 1108 1126 Actia
1128 1089 1309 1145 pugna

180 1153 234 1200 te
253 1143 388 1199 duce
406 1162 499 1215 per
514 1161 710 1216 pueros
729 1144 907 1202 hostili
926 1162 1073 1202 more
1090 1146 1337 1216 refertur-3

180 1220 520 1275 adversarius
538 1228 617 1275 est
633 1219 791 1275 frater
803 1262 817 1286 ‚
855 1219 1002 1276 lacus
1021 1222 1216 1278 Hadria
1231 1265 1243 1287 ,
1267 1222 1433 1278 donec

180 1295 496 1351 alterutrum
515 1294 669 1351 velox
690 1296 906 1352 victoria
931 1293 1117 1351 fronde
1134 1306 1359 1353 coronet.

181 1370 494 1427 Consentire
510 1371 626 1426 suis
646 1371 842 1426 studiis
864 1370 962 1442 qui
987 1371 1267 1425 crediderit
1291 1380 1357 1435 te,
1744 1385 1795 1426 65

180 1445 356 1501 fautor
376 1452 601 1517 utroque
618 1454 774 1503 tuum
795 1444 1032 1503 laudabit
1050 1444 1239 1517 pollice
1264 1444 1474 1499 ludum.

180 1520 432 1577 Protinus
451 1528 512 1576 ut
530 1539 792 1590 moneam,
820 1521 868 1577 si
887 1520 1023 1595 quid
1049 1519 1325 1577 monitoris
1352 1527 1573 1593 egestu,

180 1597 321 1670 quid
339 1596 406 1651 de
425 1614 642 1670 quoque
660 1599 778 1654 viro
794 1605 846 1655 et
863 1598 950 1655 cui
973 1597 1138 1662 ὤθεε,
1162 1613 1318 1666 saepe
1338 1596 1531 1651 videto.

181 1675 602 1728 Percontatorem
619 1673 817 1747 fugito:
860 1691 987 1729 nam
1011 1670 1262 1746 garrulus
1283 1671 1424 1725 idem
1444 1678 1538 1736 est,
1759 1712 1762 1715 Α

180 1765 284 1803 nec
302 1747 527 1804 retinent
545 1748 755 1819 patulae
778 1748 1061 1805 commissa
1081 1747 1304 1802 fideliter
1323 1764 1495 1811 aures,
1747 1760 1800 1801 το

180 1830 236 1878 et
258 1820 423 1877 semel
443 1824 702 1881 emissum
724 1823 864 1880 volat
888 1822 1228 1883 irrevocabile
1248 1823 1494 1879 verbum.

180 1900 305 1954 Non
327 1897 517 1954 ancilla
539 1906 694 1954 tuum
714 1900 862 1956 iecur
881 1898 1077 1955 ulceret
1096 1898 1205 1955 ulla
1224 1915 1425 1970 puerve

181 1975 327 2028 intra
347 1990 703 2029 marmoreum
724 1975 1013 2030 venerandi
1033 1975 1196 2031 limen
1224 1976 1409 2030 amici:

180 2066 257 2105 ne
275 2048 529 2105 dominus
550 2049 703 2120 pueri
723 2048 934 2122 pulchri
955 2068 1170 2108 caraeve
1189 2051 1397 2122 puellae

179 2140 412 2180 munere
428 2131 478 2181 te
496 2141 662 2195 parvo
680 2124 798 2180 beet
816 2132 908 2181 aut
927 2126 1297 2182 incommodus
1319 2131 1497 2198 angat.
1749 2135 1802 2177 75

180 2198 790 2269 Qualemssommendes»,
826 2201 983 2255 etiam
1014 2208 1173 2274 atque
1191 2200 1346 2254 etiam
1373 2199 1600 2271 adspice,
1624 2216 1691 2254 ne

1185 2292 1314 2329 mox

186 2349 457 2407 incutiant
480 2347 652 2405 aliena
672 2350 770 2406 tibi
789 2357 994 2422 peccata
1012 2349 1292 2422 pudorem.

185 2423 474 2488 Fallimur,
497 2431 549 2480 et
564 2426 840 2496 quondam
858 2443 967 2481 non
994 2425 1222 2498 dignum
1245 2422 1531 2479 tradimus:
1571 2438 1697 2495 ergo

126 2521 141 2537 2
184 2517 357 2575 quem
376 2516 477 2555 sua
495 2498 652 2570 culpa
670 2509 888 2572 premet,
914 2501 1161 2572 deceptus
1177 2500 1363 2555 omitte
1382 2498 1515 2553 tueri
1532 2516 1544 2566 3

182 2585 253 2639 ut
270 2575 488 2646 penitus
506 2583 713 2641 notum,
725 2578 784 2631 si
803 2584 1003 2631 tentent
1021 2576 1265 2639 crimina,
1289 2590 1467 2629 serves
1756 2581 1808 2623 80

182 2652 495 2722 tuterisque
510 2658 606 2706 tuo
626 2650 874 2708 fidentem
895 2650 1182 2722 praesidio:
1226 2649 1322 2721 qui

184 2729 352 2785 dente
372 2726 649 2783 Theonino
667 2744 841 2800 quum
866 2724 1292 2790 circumroditur‚
1316 2721 1510 2798 ecquid
