2081 3169
680 174 976 251 munz
1049 207 1158 252 111.
1600 205 1665 257 99

319 317 414 355 seu
434 300 592 357 malis
613 304 770 358 vetita
791 302 999 377 legibus
1018 305 1155 377 alea3

244 392 417 447 quum
436 378 648 447 periura
665 380 831 449 patris
849 379 979 433 fides

319 460 609 506 consortem
631 455 835 521 socium
856 453 999 508 fallat
1021 462 1073 509 et
1092 455 1369 527 hospitem,
1722 470 1775 514 60
1798 510 1805 515 .

243 523 571 597 indignoque
586 529 869 600 pecuniam

317 599 497 654 heredi
515 610 773 672 properet.
822 656 827 661 ,
851 601 1060 657 Scilicet
1078 603 1345 676 improbae

242 683 483 729 crescunt
506 675 745 732 divitiae:
785 684 964 735 tamen

316 758 493 804 curtae
510 752 683 806 nescio
703 753 836 824 quid
856 769 1064 825 semper
1082 753 1227 808 abest
1243 755 1340 809 rei.

589 950 873 1007 ODE
991 954 1234 1009 XXV.

521 1068 649 1110 An
739 1068 1304 1117 naccfluu.

157 1268 295 1309 Maius
312 1269 479 1307 sortasse
497 1270 546 1307 de
560 1270 737 1319 Augusti
761 1272 946 1312 laudibus
965 1282 1218 1322 cantaturus,
1244 1277 1322 1316 hoc
1350 1277 1524 1317 carmine
1541 1280 1651 1318 Bae-

330 1333 448 1370 chum
468 1332 626 1371 invocat
644 1334 809 1384 eiusque
825 1336 1045 1385 potentiam
1065 1340 1237 1377 extollit.
1286 1344 1408 1380 Meta».
1431 1346 1481 1381 V.

160 1409 293 1486 Quo
314 1438 415 1485 me,
438 1422 651 1489 Bacche,
676 1425 818 1496 rapis
838 1427 916 1481 tui

229 1495 488 1565 plenum‘.>
506 1515 640 1568 quae
660 1516 871 1555 nemora
892 1509 981 1556 aut
997 1519 1134 1574 quos
1150 1521 1280 1577 agor
1298 1505 1355 1563 in
1375 1523 1584 1580 specus,

153 1569 313 1625 velox
333 1578 505 1625 mente
522 1571 692 1627 nova?
729 1574 927 1645 quibus

231 1646 396 1699 antris
415 1647 611 1720 egregii
633 1648 867 1704 Caesaris
888 1650 1072 1706 audiar

152 1727 426 1773 aeternum
447 1722 703 1776 meditans
723 1723 883 1779 decus
1732 1744 1757 1787 5

230 1793 395 1847 stellis
414 1794 638 1850 inserere
658 1804 707 1851 et
726 1798 945 1854 coasilio
964 1801 1140 1856 Iovis?

150 1870 334 1922 Dicam
357 1869 583 1944 insigne,
606 1888 804 1938 reoenS,
826 1874 1001 1928 adhuc

228 1942 487 1996 indictum
507 1961 594 1998 ore
612 1945 734 2000 alio.
813 1949 931 2002 Non
952 1967 1103 2004 secus
1123 1952 1178 2005 in
1202 1953 1343 2025 iugis

148 2018 422 2072 exsomnis
442 2026 614 2089 stupet
631 2020 811 2085 EviaS‚

222 2092 459 2145 Hebrum
480 2094 819 2165 prospiciam,
839 2104 895 2150 et
915 2097 1037 2153 nive
1057 2099 1335 2155 candidam
1700 2113 1753 2156 10

146 2166 384 2220 Thracen
406 2183 464 2218 ao
480 2168 613 2237 pede
631 2169 854 2223 barbaro

221 2239 497 2294 lustratam
518 2242 823 2314 Rhodopen,
847 2252 907 2298 ut
921 2246 1062 2299 mihi
1081 2246 1235 2302 devio

144 2315 287 2385 ripas
307 2321 357 2367 et
376 2332 606 2370 vacuum
626 2335 815 2373 nemus

219 2389 402 2443 mirari
427 2389 569 2443 libet.
648 2391 694 2445 Ο
714 2392 973 2447 Naiadum
992 2401 1196 2465 potem,

139 2463 591 2534 Baccharumque,
620 2466 907 2520 valentium
1697 2480 1749 2523 15

214 2554 457 2608 proceras
477 2539 725 2593 manibus
747 2549 943 2596 vertere
961 2539 1197 2596 fraxinos
1215 2542 1228 2595 1

138 2610 214 2666 nil
233 2629 469 2681 parvum
490 2621 580 2666 aut
599 2613 792 2668 humili
808 2615 985 2679 modo,

210 2685 289 2740 nil
310 2680 532 2741 mortale
553 2686 759 2760 loquar.
836 2689 999 2745 Dulce
1016 2688 1313 2760 periculum
1331 2697 1427 2755 est,

1290 2782 1416 2833 02
1608 2805 1813 2960 f
