2081 3169
557 225 702 270 LIB.
741 225 809 269 11.
865 223 1109 274 EPIST.
1147 223 1194 267 1.
1522 212 1621 269 277

131 327 379 401 Indignor
399 324 701 397 quidquam
719 322 1049 394 reprehendi,
1080 338 1187 375 non
1211 320 1339 393 quia
1358 338 1530 377 crasse

131 402 476 475 compositum
496 398 774 471 illepideve
790 403 1021 469 putetur,
1050 394 1145 450 sed
1160 395 1288 467 quia
1306 414 1502 468 nuper:

132 497 225 536 neo
251 477 463 533 veniam
490 474 745 547 antiquiS‚
782 472 877 528 sed
909 472 1164 527 honorem
1193 476 1243 524 et
1267 473 1499 541 praemia
1526 489 1621 544 po-

1118 562 1215 599 sol.

131 631 283 685 Recte
301 643 465 682 necne
489 641 701 680 crocum
720 621 978 693 floresque
998 619 1329 692 perambulet
1344 621 1492 676 Attae

131 703 308 759 fabula
327 703 375 757 si
395 701 652 766 dubitem,
675 698 902 753 clament
916 696 1136 768 periisse
1157 695 1414 767 pudorem
1681 706 1735 750 80

131 779 304 835 cuncti
320 795 488 849 paene
504 783 698 848 patres,
722 791 782 829 ea
801 789 974 846 quum
992 770 1369 843 reprehendere
1388 788 1558 837 coner,

133 871 270 929 quae
285 854 465 927 gravis
483 853 742 923 Aesopus,
765 865 903 922 quae
921 846 1106 901 doctus
1125 847 1346 901 Roscius
1366 848 1498 919 egit:

131 930 214 987 vel
235 929 362 1002 quia
381 926 458 983 nil
479 933 698 991 rectum,
722 924 829 979 nisi
847 921 992 995 quod
1008 920 1208 992 placuit
1224 921 1348 987 sibi,
1378 923 1597 988 ducunt,

129 1005 216 1063 vel
236 1004 366 1076 quia
382 1010 537 1074 turpe
550 1006 739 1073 putant
756 1015 939 1070 parere
956 996 1254 1052 minoribus
1273 1004 1341 1062 et,
1366 1016 1502 1070 quae
1579 1043 1585 1048 .

129 1079 395 1136 imberbes
413 1077 658 1142 didicere,
679 1092 832 1131 senes
855 1071 1122 1146 perdenda
1148 1070 1312 1127 fateri.
1682 1083 1734 1127 85

129 1158 244 1212 Iam
265 1153 462 1209 Saliare
479 1154 687 1208 Numae
702 1165 914 1206 carmen
933 1148 1031 1221 qui
1049 1147 1245 1214 laudat,
1267 1155 1316 1203 et
1341 1148 1495 1214 illud,

98 1239 101 1242 '
129 1229 279 1304 quod
298 1245 506 1289 mecum
527 1227 752 1300 ignorat,
775 1223 922 1279 solus
941 1222 1060 1280 vult
1076 1224 1209 1278 scire
1229 1224 1415 1290 videri,

128 1303 363 1379 ingeniis
382 1320 487 1358 non
508 1302 599 1357 ille
617 1301 757 1358 favet
774 1299 1089 1372 plauditque
1107 1298 1344 1368 sepultiS,
1401 1337 1409 1342 -

129 1388 309 1437 nostra
329 1378 424 1433 sed
442 1379 739 1449 impugnat,
765 1391 862 1430 nos
882 1380 1164 1442 nostraque
1190 1372 1389 1427 lividus
1409 1373 1537 1427 odit.

128 1454 286 1524 Quod
305 1455 352 1508 si
372 1461 478 1508 tam
499 1452 675 1508 Graiis
696 1449 901 1506 novitas
919 1446 1094 1506 invisa
1112 1444 1327 1508 suisset,
1684 1455 1736 1499 90

128 1547 298 1606 quam
317 1528 499 1595 nobie,
518 1526 652 1602 quid
672 1542 817 1581 nuno
840 1529 974 1579 esset
996 1527 1164 1584 vetus,
1196 1527 1288 1574 aut
1315 1520 1448 1593 quid
1467 1520 1630 1575 habe—

862 1644 867 1650 .
1123 1601 1218 1660 ret,

127 1680 280 1755 quod
299 1679 488 1753 legeret
507 1683 797 1748 tereretque
814 1673 1083 1741 Quiritum
1102 1670 1351 1741 publicus
1376 1669 1545 1726 usus‘?

126 1759 198 1812 Ut
216 1755 454 1829 primum
471 1752 656 1826 positis
675 1750 867 1824 nugari
893 1747 1110 1802 Graecia
1127 1745 1282 1800 bellis

127 1831 302 1903 coepit
319 1837 369 1884 et
388 1830 445 1884 in
463 1828 657 1883 vitium
676 1825 885 1881 fortuna
905 1822 1070 1877 labier
1088 1838 1275 1893 aequa,

128 1923 283 1963 nunc
301 1904 612 1960 athletarum
631 1900 824 1956 studiis
843 1916 988 1955 nunc
1008 1898 1136 1953 arsit
1154 1913 1434 1969 equorum,
1687 1906 1739 1950 95

128 1980 417 2038 marmoris
443 1986 534 2035 aut
552 1976 725 2033 eboris
744 1974 919 2030 fabros
937 1981 1028 2029 aut
1048 1973 1182 2029 aeris
1202 1972 1419 2038 amavit,

127 2054 415 2129 suspendit
430 2054 569 2126 picta
588 2047 799 2109 vultum
821 2047 1164 2122 mentemque
1175 2048 1383 2114 tabella,

126 2149 282 2188 nunc
303 2129 610 2187 tibicinibus
629 2143 775 2182 nunc
796 2133 875 2180 est
935 2126 1082 2181 avisa
1104 2123 1388 2196 tragoedis3

126 2209 236 2263 sub
258 2205 462 2261 nutrice
482 2202 659 2276 puella
680 2200 826 2259 velut
841 2201 888 2255 si
928 2199 1109 2256 uderet
1129 2197 1322 2262 insane,

126 2281 282 2356 quod
303 2279 494 2352 cupide
508 2278 683 2351 petiit,
697 2283 901 2332 mature
917 2274 1074 2348 plena
1095 2271 1328 2344 reliquit.
1527 2323 1545 2338 ,
1661 2278 1742 2322 100

126 2356 281 2426 Quid
313 2355 483 2428 placet
509 2361 601 2409 aut
633 2352 753 2409 odio
782 2359 885 2416 est,
927 2348 1074 2423 quod
1102 2364 1208 2477 ngr)
1229 2342 1496 2474 {nutabile
1521 2357 1635 2399 cre-

1164 2440 1221 2476 as

124 2510 242 2562 Hoc
260 2520 417 2578 paces
435 2503 667 2559 habuere
684 2503 852 2558 bonae
876 2499 1128 2571 ventique
1152 2494 1391 2552 secundi.

123 2585 336 2638 Romae
357 2578 514 2638 dulce
531 2578 628 2635 diu
646 2577 748 2634 fuit
764 2584 814 2632 et
833 2575 1085 2638 solemne,
1109 2572 1313 2627 reclusa

124 2673 296 2713 mane
315 2654 476 2711 domo
492 2653 733 2729 vigilare,
757 2650 934 2708 clienti
953 2664 1192 2721 promere
1210 2646 1355 2713 iura;

123 2739 319 2790 cautos
339 2729 652 2787 nominibus
671 2729 826 2784 rectis
842 2724 1135 2799 expendere
1158 2736 1436 2792 nummos3
1664 2726 1748 2774 105
