2081 3169
357 236 367 247 ·
425 205 528 261 2⁹2
956 206 1066 256 DE
1140 206 1380 256 ARTE

428 310 695 381 fingentur
713 306 930 380 species,
954 318 1013 364 ut
1037 328 1133 364 nec
1148 327 1241 382 pes
1257 326 1356 364 nec
1373 315 1531 380 caput
1552 308 1649 363 uni

427 383 674 439 reddatur
693 383 909 439 formae.
988 405 1013 436 n
1024 386 1316 439 Pictoribus
1334 393 1492 455 atque
1507 385 1674 455 poetis

319 473 372 517 10
429 458 725 532 »quidlibet
744 459 972 514 audendi
995 477 1202 531 semper
1227 458 1329 513 fuit
1347 476 1510 531 aequa
1530 466 1817 529 potestas«

429 535 656 600 Scimus,
688 542 739 588 et
757 535 894 589 hanc
914 535 1122 590 veniam
1142 535 1481 607 petimusque
1514 534 1815 606 damusque
1845 535 1927 591 vi-

1459 609 1658 673 cissim„

431 685 527 740 sed
552 701 656 739 non
679 693 738 739 ut
754 684 977 755 placidis
997 693 1179 740 coeant
1198 684 1440 758 immitia,
1470 701 1573 738 non
1597 690 1656 737 ut

386 769 695 832 serpentes
716 760 906 814 avibus
925 761 1279 832 geminentur,
1300 759 1530 832 tigribus
1550 757 1695 833 agni.

430 835 657 906 Inceptis
674 835 928 907 gravibus
946 833 1263 905 plerumque
1279 841 1330 887 et
1348 850 1540 906 magna
1557 832 1806 904 professis

320 921 372 965 15
426 926 749 995 purpureuS‚
775 908 874 963 late
892 910 987 980 qui
1006 909 1293 979 splendeat,
1322 925 1466 962 unus
1486 916 1535 961 et
1554 908 1698 972 alter,

433 985 675 1038 adsuitur
692 999 919 1068 pannus,
944 1001 1118 1055 quum
1137 983 1290 1037 lucus
1310 990 1360 1036 et
1378 1001 1466 1037 ara
1486 983 1680 1037 Dianae

432 1067 483 1113 et
499 1059 824 1129 properantis
843 1076 1009 1130 aquae
1026 1076 1121 1130 per
1141 1075 1384 1113 amoenos
1403 1057 1636 1111 ambitus
1653 1074 1826 1130 agrOS‚

431 1141 522 1188 aut
546 1132 743 1188 flumen
764 1133 1007 1187 Rhenum
1034 1141 1126 1187 aut
1140 1133 1359 1204 pluvius
1383 1132 1696 1186 describitur
1721 1150 1898 1187 arcuS.

430 1207 533 1263 Sed
553 1225 698 1262 nunc
716 1223 822 1261 non
836 1215 949 1262 erat
964 1209 1049 1261 his
1068 1207 1234 1263 locus.
1291 1207 1360 1261 Et
1378 1206 1593 1261 fortasse
1610 1224 1927 1278 cupressum

321 1294 375 1338 20
432 1283 535 1337 scis
554 1281 831 1351 simulare;
874 1283 1006 1355 quid
1023 1285 1139 1349 hoc,
1164 1284 1212 1338 si
1231 1281 1405 1340 fractis
1424 1289 1597 1346 enatat
1613 1299 1804 1352 exspes
1867 1299 1868 1302 ¹

382 1387 389 1394 ·
432 1358 681 1423 navibus,
705 1374 820 1411 aere
840 1357 960 1412 dato
982 1359 1078 1429 qui
1096 1356 1373 1432 pingitur?
1407 1356 1677 1471 Amphora
1696 1359 1867 1428 coepit

432 1434 666 1488 institui:
709 1440 948 1488 currente
966 1440 1075 1488 rota
1094 1450 1189 1489 eur
1209 1450 1396 1487 urceus
1414 1430 1557 1490 exit?

431 1508 668 1579 Denique
687 1507 755 1560 sit
774 1507 1002 1579 quodvis
1027 1507 1255 1579 simplex
1272 1508 1550 1561 dumtaxat
1568 1514 1618 1559 et
1636 1523 1833 1559 unum.

508 1583 737 1638 Maxima
757 1601 880 1654 pars
899 1589 1097 1648 vatum,
1119 1590 1264 1654 pater
1281 1590 1332 1636 et
1352 1582 1566 1637 iuvenes
1586 1589 1732 1654 patre
1752 1581 1926 1655 digni,

322 1669 376 1722 25
432 1658 729 1730 decipimur
746 1659 917 1729 specie
937 1658 1081 1712 recti.
1158 1658 1342 1712 Brevis
1364 1674 1477 1711 esse
1497 1656 1692 1721 laboro,

433 1733 690 1788 obscurus
710 1733 802 1800 fio3
847 1740 1129 1788 sectantem
1150 1732 1284 1787 levia
1305 1733 1453 1786 nervi

433 1808 685 1862 deficiunt
703 1808 1003 1894 animique3
1044 1807 1310 1880 professus
1369 1805 1551 1873 randia
1570 1814 1772 1878 turget;

434 1883 596 1953 serpit
613 1883 766 1936 humi
785 1891 930 1937 tutus
951 1883 1179 1938 nimium
1199 1825 1418 1949 timifus
1355 1899 1525 1953 usque
1548 1881 1827 1967 procellae.

434 1957 539 2025 Qui
561 1958 760 2013 variare
778 1959 922 2028 cupit
945 1975 1056 2014 rem
1077 1957 1434 2042 prodigialiter
1453 1973 1641 2017 unam,
1747 1969 1751 1974 ·

322 2045 376 2089 30
434 2031 749 2104 delphinum
768 2032 919 2088 silvis
939 2032 1197 2105 appingit,
1217 2031 1468 2087 fluctibus
1486 2047 1699 2102 aprum.

435 2109 498 2163 ln
519 2107 712 2162 vitium
732 2106 876 2161 ducit
893 2107 1079 2178 culpae
1097 2107 1241 2179 fuga,
1266 2107 1313 2160 si
1333 2112 1469 2177 caret
1487 2113 1611 2159 arte.

431 2182 719 2238 Aemilium
746 2183 880 2236 circa
901 2181 1092 2236 ludum
1111 2180 1257 2235 faber
1277 2182 1417 2234 imus
1436 2188 1487 2234 et
1504 2197 1713 2252 ungues

431 2257 690 2327 exprimet
708 2264 759 2317 et
776 2256 960 2317 molles
981 2256 1274 2313 imitabitur
1291 2272 1410 2313 aere
1425 2254 1660 2327 capillos,

431 2331 618 2387 infelix
636 2331 808 2403 operis
827 2348 1056 2396 summa,
1081 2331 1208 2403 quia
1225 2347 1418 2401 ponere
1437 2337 1603 2385 totum

321 2418 373 2462 35
432 2407 652 2462 nesciet:
696 2407 842 2469 huno
858 2422 955 2479 ego
976 2423 1078 2470 me,
1109 2406 1155 2460 si
1176 2406 1310 2477 quid
1329 2419 1641 2489 componere
1660 2420 1869 2471 curem,

430 2499 537 2537 non
558 2481 729 2552 magis
749 2497 863 2566 esse
882 2479 1062 2544 velim,
1092 2497 1256 2566 quam
1276 2497 1438 2551 pravo
1455 2479 1636 2533 vivere
1655 2496 1790 2534 uaso

430 2555 777 2637 spectandum
798 2555 967 2629 nigris
987 2554 1154 2609 oculis
1167 2555 1434 2640 nigroque
1452 2552 1664 2623 capillo.

504 2629 709 2685 Sumite
728 2630 1001 2685 materiam
1021 2629 1226 2693 vestm,
1256 2630 1352 2701 qui
1373 2628 1618 2693 scribitis,
1649 2646 1890 2703 aequam

427 2703 655 2772 viribus,
684 2711 737 2775 et
752 2712 954 2767 versate
973 2704 1087 2771 diu,
1109 2703 1244 2778 quid
1261 2702 1394 2760 ferre
1414 2712 1673 2772 recusent,

238 2787 406 2891 Ἣ,
471 2885 477 2891 .
