2081 3169
300 510 354 557 45

299 964 351 1006 50

299 1338 348 1380 55

299 1713 349 1755 60

294 2162 344 2205 65

292 2536 345 2578 70

412 176 509 230 484
911 180 1392 227 8ΑΤῩΒΑΒῘῙΜ

408 289 458 335 et
481 279 701 335 Messala
720 280 953 336 videris?
988 280 1059 335 At
1075 282 1181 345 hic,
1206 282 1251 334 si
1272 280 1465 352 plostra
1485 280 1724 346 ducenta,

410 363 826 427 concurrantque
846 354 955 410 foro
973 357 1071 410 tria
1089 355 1291 420 funera,
1315 373 1505 428 magna
1527 356 1753 421 sonabit,

409 446 603 483 cornua
624 430 769 501 quod
785 431 1067 502 vincatque
1085 431 1266 496 tubas3
1289 430 1476 484 saltem
1497 438 1634 486 tenet
1659 432 1761 486 hoc
1779 449 1880 487 nos
1892 475 1904 488 .

410 505 459 558 N
464 521 567 558 unc
578 504 644 559 ad
663 522 748 560 me
767 505 920 560 redeo
938 504 1182 560 libertino
1199 513 1346 576 patre
1365 513 1566 571 natum,
1667 537 1674 543 ·

409 596 569 651 quem
590 579 783 635 rodunt
798 597 982 635 omnes
1001 584 1240 636 libertino
1252 590 1405 649 patre
1423 590 1628 649 natum,-

410 671 580 720 nuno‚
612 654 741 727 quia
777 655 880 710 sim
922 655 1020 710 tibi
1032 697 1048 721 ‚
1080 656 1347 711 Maecenas
1361 696 1374 720 ,
1406 655 1669 713 convictor
1682 697 1695 721 ,
1740 663 1792 711 at

1393 729 1539 795 olim,

408 803 553 875 quod
572 805 706 858 mihi
733 813 934 876 pareret
960 804 1097 878 legio
1135 805 1368 860 Romana
1388 805 1617 859 tribuno.

408 879 676 933 Dissimile
693 880 793 935 hoc
812 880 891 934 illi
909 891 1013 935 ast:
1056 880 1186 951 quia
1205 897 1330 943 non,
1357 889 1416 934 ut
1434 878 1583 933 forsit
1598 879 1857 936 honorem

411 954 525 1008 iure
543 954 678 1008 mihi
698 954 930 1009 invideat
946 955 1144 1026 quiviS‚
1170 955 1241 1008 ita
1260 963 1310 1009 te
1326 971 1540 1025 quoque
1557 955 1812 1022 amicum,

407 1029 712 1099 praesertim
728 1037 945 1084 cautum
961 1029 1153 1102 dignos
1170 1029 1463 1093 adsumere,
1486 1047 1650 1099 prava

407 1104 693 1158 ambitione
710 1103 912 1174 procul.
990 1103 1218 1159 Felicem
1237 1103 1406 1158 dicere
1426 1121 1529 1158 non
1551 1104 1651 1158 hoc

407 1196 493 1232 me
511 1179 729 1250 possim,
752 1195 876 1233 casu
897 1179 1042 1251 quod
1058 1187 1107 1233 te
1126 1179 1340 1233 sortitus
1356 1179 1605 1233 amicum.

408 1252 565 1307 Nulla
586 1253 778 1307 etenim
798 1254 934 1308 mihi
960 1262 1008 1309 te
1030 1253 1136 1308 sors
1161 1253 1376 1321 obtulit3
1418 1253 1650 1324 optimus
1668 1253 1799 1308 olim

406 1327 680 1401 Virgilius,
702 1335 819 1399 post
838 1328 982 1383 hunc
1001 1329 1190 1385 Varius
1208 1328 1388 1383 dixere
1406 1327 1537 1400 quid
1554 1346 1747 1383 essem.

407 1403 475 1457 Ut
494 1402 614 1458 veni
631 1419 824 1468 coram,
849 1404 930 1457 sin
1012 1402 1127 1458 ltim
1146 1419 1312 1474 pauca
1333 1402 1602 1475 loquutuS,
1624 1434 1702 1445 —-
1785 1421 1788 1424 ¹

408 1476 581 1534 infans
601 1495 831 1549 namque
849 1420 1020 1548 pugili·
1038 1478 1349 1549 prohibebat
1367 1477 1519 1549 plura
1536 1476 1734 1549 profari
1754 1510 1831 1520 —

407 1570 512 1608 non
533 1569 631 1627 ego
652 1570 736 1608 me
753 1552 892 1609 claro
909 1560 1094 1608 natum
1112 1560 1274 1626 patre,
1298 1570 1402 1609 non
1423 1570 1520 1627 ego
1536 1555 1741 1609 circum

405 1646 491 1683 me
508 1629 813 1684 Satureiano
831 1629 1023 1683 vectari
1044 1647 1166 1684 rura
1184 1627 1402 1693 caballo.

408 1703 499 1757 sed
514 1746 527 1769 ,
572 1704 716 1776 quod
747 1720 889 1759 eram
903 1744 916 1769 ,
956 1722 1132 1758 narro,
1210 1703 1510 1774 Respondes
1524 1745 1537 1767 ‚
1581 1710 1641 1757 ut
1667 1711 1794 1758 tuus
1820 1711 1902 1758 est

1282 1796 1416 1842 ωοε,

405 1870 597 1924 pauca;
639 1854 792 1921 abeo;
817 1861 867 1908 et
886 1870 1097 1908 revocas
1116 1869 1255 1908 nono
1274 1861 1392 1925 post
1409 1869 1589 1907 mense
1608 1851 1874 1924 iubesque

403 1946 517 1982 esse
536 1929 591 1982 in
610 1930 900 1984 amicorum
917 1944 1157 1984 numero.
1223 1929 1476 2001 Magnum
1501 1928 1600 1981 hoc
1616 1945 1715 1999 ego
1735 1927 1891 1992 duco,

403 2003 547 2074 quod
565 2003 740 2073 placui
763 2004 876 2069 tibi,
900 2004 997 2076 qui
1014 2002 1160 2075 turpi
1178 2003 1406 2058 secernis
1424 2003 1728 2067 honestum,

403 2096 508 2132 non
525 2086 669 2149 patre
684 2078 962 2150 praeclam,
985 2078 1080 2133 sed
1100 2078 1207 2133 vita
1226 2086 1276 2132 et
1291 2086 1493 2149 pectore
1509 2094 1662 2148 puro.

402 2154 562 2225 Atqui
583 2153 630 2208 si
653 2154 792 2209 vitiis
811 2153 1163 2208 mediocribus
1181 2170 1242 2208 ac
1259 2170 1374 2208 mea
1392 2153 1574 2225 paucis

402 2227 649 2284 mendosa
669 2237 747 2283 ost
764 2236 966 2293 natura,
990 2228 1190 2300 alioqui
1209 2236 1344 2283 recta
1362 2258 1439 2268 —
1460 2227 1598 2283 velut
1617 2226 1665 2280 si

401 2303 610 2376 egregio
630 2304 892 2374 inspersos
912 2302 1263 2375 reprehendas
1282 2320 1492 2373 corpore
1512 2319 1704 2356 naevos
1723 2332 1798 2342 -—

400 2379 445 2430 si
469 2395 640 2449 neque
657 2378 931 2434 avaritiam
951 2395 1124 2450 neque
1143 2377 1321 2433 sordes
1341 2391 1430 2432 aut
1448 2376 1586 2430 mala
1607 2375 1771 2429 lustra

399 2452 606 2507 obiiciet
625 2470 744 2507 vere
762 2453 1051 2525 quisquam
1077 2451 1208 2506 mihi
1225 2471 1237 2521 ;
1261 2470 1431 2524 purus
1449 2459 1499 2505 et
1519 2451 1701 2506 insons
1719 2481 1796 2492 -·

404 2533 462 2578 ut
481 2544 566 2580 me
584 2525 875 2582 collaudem
894 2558 971 2568 —
992 2529 1039 2581 si
1059 2534 1111 2581 et
1128 2527 1253 2582 vivo
1272 2544 1425 2582 carus
1445 2526 1657 2581 amicis:

399 2615 557 2653 eausa
576 2599 675 2653 fuit
692 2607 834 2670 pater
854 2602 957 2665 hie,
981 2602 1079 2674 qui
1098 2598 1276 2657 macro
1292 2619 1491 2673 pauper
1510 2600 1677 2673 agello

400 2671 569 2727 noluit
585 2673 642 2727 in
660 2673 811 2729 Flavi
831 2672 1020 2730 ludum
1039 2693 1125 2730 me
1144 2676 1363 2742 mittere,
1388 2677 1568 2748 magni

298 2742 447 2847 3ss
