2081 3169
602 215 741 260 ΜΒ.
780 216 848 260 11.
908 217 1073 263 SAT.
1110 206 1180 263 Π.
1534 212 1627 268 2οθ

138 316 344 381 Dicam,
369 314 416 369 si
440 323 636 387 potero.
715 315 851 370 Male
868 333 1055 370 verum
1075 317 1339 372 examinat
1362 320 1536 373 omnis

138 398 422 462 corruptus
441 391 625 445 iudex.
677 392 929 461 Leporem
949 398 1189 455 sectatuS,
1215 409 1417 463 equove

138 466 318 521 lassus
339 466 406 519 ab
423 466 698 530 indomit0‚
722 465 825 530 vel,
855 466 902 519 si
921 466 1155 520 Romana
1171 465 1353 538 ‘fatigat
1690 479 1741 521 10

140 540 335 596 militia
355 540 634 595 adsuetum
653 540 903 614 graecari,
928 557 1022 593 seu
1039 540 1145 611 pila
1168 540 1340 606 velox,

139 614 372 670 molliter
397 623 667 670 austerum
689 614 863 669 studio
882 614 1092 669 fallente
1111 614 1358 679 laborem,

140 708 236 745 seu
258 698 307 743 te
326 689 504 744 discus
523 691 648 762 agit,
671 688 804 761 (pete
824 689 1091 743 cedentem
1112 692 1229 743 ae'ra
1249 689 1393 744 disco
1408 689 1441 762 :)

138 782 316 837 quum
341 763 489 819 labor
505 764 763 819 extuderit
781 763 1006 828 fastidia,
1027 764 1216 829 siccuS‚
1239 765 1414 818 inanis

139 856 332 911 sperne
351 839 531 893 cibum
558 838 744 906 vilem;
778 839 881 893 nisi
903 838 1164 913 Hymettia
1182 839 1338 893 mella
1357 838 1579 894 Falerno
1690 850 1742 893 15

137 932 210 970 ne
226 914 429 968 biberis
449 913 636 968 diluta.
713 915 864 968 Foris
884 922 962 967 est
979 931 1217 985 promus⁷
1242 921 1291 967 et
1310 921 1482 968 atrum

137 987 428 1043 defendens
443 989 615 1059 pisces
633 989 831 1043 hiemat
848 1006 1017 1043 mare:
1060 1005 1183 1043 cum
1208 987 1316 1042 sale
1333 988 1487 1060 panis

137 1063 418 1132 latrantem
437 1063 768 1118 stomachum
785 1064 920 1117 bene
939 1063 1113 1118 leniet.
1196 1063 1342 1118 Unde
1359 1070 1513 1135 putas
1533 1069 1623 1117 aut

138 1142 236 1211 qut
256 1136 506 1209 partum?
561 1140 674 1193 Non
703 1139 759 1193 in
777 1150 895 1192 caro
912 1138 1095 1193 nidore
1114 1138 1354 1211 voluptas

137 1230 375 1277 summa,
397 1212 490 1266 sed
508 1213 564 1266 in
584 1220 634 1267 te
651 1214 767 1284 ipso
784 1220 882 1267 est.
960 1215 1040 1267 Tu
1061 1213 1410 1285 pulmentaria
1430 1215 1623 1285 quaere
1686 1222 1737 1264 20

137 1286 410 1342 sudando:
451 1288 706 1360 pinguem
732 1287 874 1342 vitiis
893 1287 1185 1359 albumque
1203 1306 1374 1360 neque
1392 1298 1558 1342 ostrea
1637 1325 1642 1330 ,

136 1379 239 1417 nec
257 1379 438 1415 scarus
459 1370 549 1416 aut
567 1362 752 1432 poterit
769 1364 1045 1435 peregrina
1072 1363 1252 1418 iuvare
1270 1362 1455 1433 lagois.

135 1438 247 1494 Vix
265 1444 440 1490 tamen
459 1438 697 1507 eripiam,
723 1438 892 1507 posito
909 1453 1131 1509 pavone,
1160 1436 1292 1490 velis
1311 1436 1441 1505 quin

135 1513 242 1566 hoc
259 1512 455 1582 potina,
480 1529 643 1583 quam
671 1511 887 1584 gallina,
914 1519 1109 1583 tergere
1128 1510 1380 1580 palatum,
1643 1565 1646 1566 a

135 1595 420 1658 corruptus
439 1588 592 1642 vanis
610 1598 805 1653 rerum,
835 1588 963 1659 quia
983 1593 1168 1641 veneat
1188 1603 1313 1639 auro
1688 1591 1739 1635 25

136 1680 256 1717 rara
277 1662 392 1716 avis
412 1668 461 1714 et
478 1664 612 1733 picta
633 1663 828 1734 pandat
844 1660 1136 1734 spectacula
1156 1661 1347 1714 cauda:

134 1746 414 1808 tamquam
442 1737 508 1791 ad
528 1755 638 1792 rem
659 1738 868 1792 attineat
886 1736 1204 1808 quidquam.
1282 1737 1425 1790 Num
1444 1752 1619 1791 vesce-

1129 1811 1203 1864 ris
1223 1810 1337 1876 ista,

135 1903 306 1959 quam
334 1885 768 1958 laudaS‚pluma‘?
794 1894 936 1942 cocto
954 1903 1086 1941 num
1107 1886 1252 1941 adest
1270 1886 1436 1942 honor
1456 1889 1633 1944 idem?

135 1963 311 2018 Carne
332 1968 504 2015 tamen
525 1963 774 2034 quamvis
795 1962 951 2016 distat
970 1961 1107 2016 nihil
1127 1962 1227 2017 hac
1243 1963 1415 2036 magis
1442 1964 1548 2031 illa,

129 2037 438 2108 imparibus
457 2036 639 2090 formis
659 2036 932 2108 deceptum
953 2031 1002 2091 te
1019 2045 1178 2108 patet.
1254 2039 1407 2094 Esto:
1594 2079 1596 2081 .
1686 2050 1737 2091 30

127 2111 281 2167 unde
301 2110 487 2165 datum
507 2112 686 2176 sentIS,
716 2111 878 2182 lupus
900 2112 990 2165 hic
1009 2113 1289 2167 Tiberinus
1307 2130 1373 2166 an
1395 2112 1498 2168 alto

127 2193 323 2259 captus
343 2185 468 2249 hiet,
492 2193 744 2256 pontesne
762 2186 899 2240 inter
916 2187 1136 2241 iactatus
1157 2204 1224 2240 an
1251 2186 1422 2240 amnis

124 2263 269 2318 ostia
290 2261 396 2314 sub
415 2261 457 2313 T
457 2258 609 2315 usci‘?
644 2260 871 2326 Laudas,
895 2261 1098 2325 insane,
1121 2260 1378 2313 trilibrem

123 2336 390 2401 mullum,
416 2335 473 2390 in
493 2334 706 2408 singula
724 2352 886 2408 quem
905 2335 1116 2389 minuas
1135 2333 1405 2404 pulmenta
1424 2352 1632 2391 necesse

1127 2415 1223 2462 est.
1736 2448 1743 2454 -

121 2485 289 2542 Ducit
312 2491 364 2538 te
384 2485 602 2554 specieS,
626 2484 804 2539 video:
847 2500 957 2555 quo
973 2483 1195 2553 pertinet
1218 2500 1359 2556 ergo,
1687 2496 1735 2540 35

119 2576 378 2636 proceros
397 2558 573 2613 odisse
593 2558 783 2629 lupos‘?
818 2559 954 2624 Quia
973 2557 1170 2612 scilicet
1189 2557 1296 2612 illis

120 2637 392 2692 maiorem
412 2642 600 2689 natura
620 2634 839 2688 modum
860 2632 1019 2698 dedit,
1044 2632 1130 2686 hss
1146 2634 1308 2689 breve
1324 2634 1554 2708 pondus.

118 2714 358 2770 Ieiunus
376 2726 494 2765 raro
513 2709 814 2765 stomachus
835 2708 1077 2781 vulgaria
1094 2708 1299 2767 temnit.
1395 2713 1400 2717 ’
