2081 3169
405 225 508 279 168
722 306 729 314 ἢ
880 228 1382 278 sATYRARtm

402 331 646 396 tabescat,
669 346 843 403 neque
859 349 917 386 se
933 333 1120 386 maiori
1135 332 1507 403 pauperiorum

406 406 590 460 turbae
607 413 885 477 comparet,
899 406 1046 461 hunc
1063 415 1220 478 atque
1238 405 1384 460 hunc
1398 423 1644 477 superare
1664 405 1899 463 laboret?

403 480 492 534 Sic
509 479 772 535 festinanti
791 498 998 552 semper
1017 480 1320 551 locupletior
1337 481 1506 535 obstat
1523 502 1534 535 :

403 561 481 618 ut,
505 573 676 626 quum
694 556 989 611 carceribus
1007 556 1198 610 missos
1219 556 1351 626 rapit
1374 556 1575 628 ungula
1595 573 1806 623 currus,

298 638 375 682 115
402 629 560 683 instat
577 630 730 701 equis
748 631 931 704 auriga
950 649 1076 686 suos
1099 631 1448 696 vincentibus,
1480 629 1632 684 illum
1769 652 1776 658 ·

403 705 736 775 praeteritum
756 712 993 760 temnens
1012 713 1273 760 extremos
1297 705 1432 759 inter
1448 713 1677 760 euntem.

403 778 532 834 Inde
551 780 610 833 fit
627 787 687 835 ut
705 797 837 846 raro,
859 780 1031 852 quise
1051 780 1248 834 vixisse
1271 780 1480 835 beatum

405 853 559 919 dicat,
582 862 633 908 et
649 862 828 909 exacto
844 862 1116 910 contentus
1141 862 1386 925 tempore,
1412 856 1519 909 vita

405 929 567 993 cedat,
593 930 670 983 uti
693 930 915 984 conviva
934 937 1097 993 satur,
1121 930 1344 1000 reperire
1361 945 1640 1001 queamus·
1660 959 1737 970 —

299 1012 377 1055 120
405 1004 517 1057 Iam
535 1003 662 1058 satis
680 1011 774 1068 est,
797 1022 864 1059 ne
883 1021 969 1058 me
987 1003 1219 1075 Crispini
1239 1004 1431 1058 scrinia
1458 1003 1588 1074 lippi

406 1077 715 1150 compilasse
732 1086 911 1149 putes:
953 1078 1178 1135 verbum
1198 1097 1303 1135 non
1325 1077 1553 1150 amplius
1578 1078 1794 1134 addam.

808 1278 1306 1336 SATYRA
1396 1279 1495 1334 II.

406 1514 581 1553 Aecum
599 1527 680 1558 eos,
700 1512 770 1563 qui
787 1519 962 1552 extrema
980 1527 1158 1565 quaeque
1176 1520 1385 1558 sectantes,
1403 1512 1716 1550 mediocritatem
1734 1525 1903 1551 auream

601 1576 712 1627 sequi
731 1576 955 1626 negligunt,
974 1577 1018 1616 iu
1037 1576 1237 1617 moribus
1251 1576 1464 1627 praecipue
1480 1575 1693 1614 fastidiosi.

477 1670 911 1732 Ambubaiarum
930 1677 1164 1751 collegia,
1193 1674 1638 1763 pharmacopolae,

407 1753 653 1818 mendici,
676 1754 886 1817 mimae,
910 1752 1222 1816 balatrones,
1245 1752 1345 1807 boc
1361 1755 1530 1825 g'enus
1549 1767 1706 1806 omne

405 1835 664 1881 moestum
684 1844 745 1881 ac
761 1794 1043 1881 sollicitum
1061 1835 1139 1881 est
1156 1827 1380 1881 cantoris
1405 1835 1568 1880 morte
1587 1824 1807 1897 Tigem3

407 1902 606 1972 quippe
622 1902 887 1974 benignus
907 1909 1032 1956 erat.
1084 1902 1272 1955 Contra
1291 1901 1395 1965 hic,
1421 1918 1486 1954 ne
1504 1900 1760 1972 prodigus
1782 1918 1905 1989 esse

297 1987 321 2028 5
404 1975 623 2039 dicatur,
647 1985 903 2040 metuenS,
929 1976 1071 2046 inopi
1094 1975 1218 2030 dare
1240 1975 1369 2030 nolit
1388 1975 1570 2038 amico,

405 2049 574 2122 frigus
594 2068 701 2135 quo
719 2051 1015 2122 duramque
1034 2050 1225 2105 famem
1246 2049 1529 2120 propellere
1545 2048 1727 2119 possit.

403 2125 557 2178 Hunc
575 2125 620 2178 si
639 2126 970 2195 perconteriS,
994 2126 1082 2179 avi
1101 2142 1194 2179 cur
1213 2134 1369 2196 atque
1385 2124 1613 2194 parentis

402 2199 718 2269 praeclaram
739 2201 939 2273 ingrata
958 2201 1180 2272 stringat
1198 2199 1370 2253 malus
1390 2198 1627 2282 ingluvie
1645 2214 1780 2263 rem,

403 2274 581 2328 omnia
599 2274 868 2328 conductis
884 2291 1124 2329 coemens
1143 2273 1360 2328 obsonia
1380 2272 1642 2326 nummis:

296 2359 348 2401 1ο
406 2348 649 2402 sordidus
669 2358 826 2421 atque
845 2349 1010 2402 animi
1029 2348 1173 2420 quod
1193 2349 1344 2418 parvi
1365 2347 1495 2401 nolit
1511 2346 1710 2409 haberi,

403 2422 697 2493 respondet.
775 2423 1044 2477 Laudatur
1061 2422 1128 2476 ab
1147 2423 1251 2487 his,
1274 2423 1515 2493 culpatur
1534 2422 1601 2475 ab
1621 2421 1749 2474 illis.

400 2497 645 2550 Fufidius
666 2514 866 2567 vappae
882 2496 1078 2551 famam
1096 2498 1245 2551 timet
1262 2514 1321 2552 ac
1339 2495 1635 2560 nebuloniS,

403 2568 551 2623 dives
572 2571 732 2642 agriS,
755 2570 903 2625 dives
920 2572 1105 2641 positis
1124 2572 1180 2625 in
1200 2571 1406 2626 foenore
1424 2571 1682 2625 nummis,

222 2701 231 2709 -
403 2642 605 2708 Quinas
625 2644 713 2696 hic
729 2645 884 2714 capiti
903 2645 1165 2699 mercedes
1184 2654 1404 2711 exsecat,
1429 2653 1584 2717 atque

294 2726 345 2771 15
403 2724 600 2790 quanto
617 2716 867 2823 perditior
885 2719 1117 2793 quisque
1132 2728 1227 2788 est,
1252 2728 1391 2777 tanto
1410 2721 1583 2776 acrius
1608 2728 1794 2796 urget3
