2081 3169
406 189 509 244 202
908 186 1392 237 sATYRARUn

406 295 743 348 »Porreotum
762 307 957 364 magno
976 306 1235 363 magnum
1253 296 1487 360 spectare
1502 288 1675 346 oetino

295 376 349 424 ω
404 367 675 432 »vellem,«
693 366 768 422 ait
783 365 1031 439 Harpyiis
1050 364 1180 438 gula
1198 364 1361 436 digna
1380 363 1679 435 rapacibus.
1719 362 1787 420 At
1806 383 1905 422 vos

402 450 725 517 praesentes,
747 441 947 506 Austri,
970 441 1179 513 coquite
1203 439 1396 496 borum
1414 440 1659 510 opsonia!
1701 439 1906 506 Quam-

802 565 809 573 .
1431 532 1554 569 uam

405 599 551 666 putet
569 610 693 665 aper
710 591 1076 663 rhombusque
1093 606 1292 655 recens,
1316 606 1403 645 ma
1426 607 1457 646 a
1473 589 1620 661 eopia
1638 589 1864 660 quando.

406 686 627 742 aegrum
646 666 886 723 sollicitat
904 665 1252 730 stomachum,
1276 682 1449 737 quum
1467 663 1652 738 rapula
1668 665 1866 736 plenus

405 751 563 815 atque
581 742 756 798 acidas
774 740 981 798 mavult
998 740 1193 797 inulas.
1261 739 1501 796 Neodum
1518 741 1694 795 omnis
1717 741 1905 797 abacta

297 824 350 873 45
412 819 689 891 pauperies
705 815 880 888 epulis
897 834 1114 890 regum:
1157 832 1285 871 nam
1303 815 1504 871 vilibus
1523 816 1641 871 ovis

407 894 682 967 nigrisque
697 900 777 948 est
794 891 923 948 oleis
939 891 1097 947 hodie
1115 889 1279 947 locus.
1357 891 1513 946 Haud
1535 891 1608 948 ita
1624 890 1835 962 pridem

405 967 615 1023 Galloni
634 968 903 1040 praeconis
922 975 1031 1024 erat
1048 967 1346 1038 acipensere
1361 984 1547 1024 mensa

404 1042 636 1099 infamis.
715 1041 892 1110 Quid?
927 1050 1046 1099 tum
1073 1042 1324 1100 rhombos
1342 1042 1769 1170 minusqaequora
1794 1042 1904 1100 ale-

405 1194 573 1249 Tutus
592 1199 703 1247 erat
719 1190 995 1257 rhombus,
1020 1199 1241 1264 tutoque
1258 1193 1456 1249 ciconia
1474 1192 1616 1257 nido.

292 1279 344 1323 50
401 1269 567 1323 donec
589 1284 679 1323 vos
696 1275 872 1323 auctor
889 1266 1068 1323 doouit
1085 1268 1395 1340 praetorius.
1471 1268 1612 1340 Ergo

401 1345 449 1400 si
468 1344 592 1416 quis
613 1360 757 1399 nuno
774 1359 983 1416 mergos
1002 1360 1195 1399 suaves
1218 1342 1440 1398 edixerit
1455 1361 1619 1408 assos,

400 1419 604 1492 parebit
623 1418 773 1491 pravi
794 1416 979 1472 docilis
998 1418 1234 1473 Romana
1253 1418 1522 1474 iuventus.

399 1494 656 1550 Sordidus
677 1512 707 1549 a
726 1493 871 1549 tenui
890 1493 1033 1548 victu
1054 1492 1286 1558 distabit,
1312 1492 1479 1548 Ofello

400 1570 599 1626 iudice:
642 1587 766 1624 nam
786 1567 981 1624 frustra
1001 1568 1191 1625 vitium
1209 1569 1458 1626 vitaveris
1477 1567 1630 1633 illud,

292 1656 341 1700 55
396 1647 443 1701 si
467 1654 517 1700 te
537 1644 641 1700 alio
657 1662 855 1717 pravus
880 1644 1175 1701 detorseris.
1254 1644 1564 1709 Avidienus,

400 1722 486 1776 cui
508 1720 671 1777 Canis
687 1737 756 1775 ex
777 1737 901 1775 vero
918 1720 1138 1776 ductum
1164 1736 1456 1793 oognomen
1475 1719 1736 1783 adhaeret,

399 1797 773 1868 quinquennes
797 1795 936 1851 oleas
956 1803 1034 1850 est
1058 1803 1108 1849 et
1126 1795 1384 1851 silvestria
1403 1812 1577 1859 corna,

400 1889 461 1925 ao
479 1871 583 1927 nisi
603 1878 865 1927 mutatum
884 1872 1052 1942 parcit
1069 1870 1356 1926 defundere
1380 1872 1587 1934 vinum,
1611 1879 1678 1933 et,

397 1949 551 2001 cuius
567 1946 780 2003 odorem
797 1946 897 2002 olei
917 1964 1148 2017 nequeas
1165 1944 1391 2017 perferre
1409 1977 1484 1988 -
1504 1945 1677 2001 licebit

289 2031 340 2074 60
398 2021 487 2075 ille
506 2022 716 2093 repotia,
742 2022 938 2077 natales
958 2021 1155 2077 aliosve
1171 2021 1380 2077 dierum

397 2096 552 2151 festos
574 2097 779 2153 albatus
799 2096 1019 2152 celebret
1035 2127 1111 2138 —
1132 2113 1299 2155 oornu
1315 2097 1428 2168 ipse
1445 2095 1628 2151 bilibri

395 2172 636 2227 caulibus
655 2172 892 2237 instillat,
928 2174 1113 2227 veteris
1132 2189 1239 2227 non
1262 2189 1453 2244 pareus
1472 2172 1621 2227 aceti.

396 2247 551 2314 Quali
572 2248 735 2321 igitur
756 2249 898 2303 victu
916 2249 1127 2320 sapiens
1145 2256 1335 2312 utetur,
1359 2255 1409 2302 et
1425 2246 1618 2303 horum

394 2330 574 2377 utrum
620 2323 948 2379 imitabitur?
1003 2325 1112 2378 Hae
1148 2331 1301 2398 urget
1345 2323 1506 2394 lupus
1519 2365 1532 2388 ,
1580 2322 1682 2377 hae
1718 2324 1894 2387 oanis,

1382 2399 1549 2453 aiunt.

286 2482 337 2524 65
393 2472 626 2527 Mundus
651 2474 766 2537 erit,
791 2474 1012 2545 quinon
1032 2472 1257 2528 offendat
1275 2473 1536 2537 sordibu3‚
1560 2459 1721 2544 atque

394 2547 451 2600 in
471 2555 709 2600 neutram
731 2555 927 2618 partem
949 2548 1123 2604 cultus
1143 2548 1323 2604 miser.
1386 2550 1484 2604 Hic
1503 2566 1677 2620 neque
1694 2550 1892 2615 servia,

393 2619 575 2673 Albuti
595 2623 738 2675 senis
762 2620 1018 2695 exemplo,
1045 2624 1175 2679 dum
1196 2625 1380 2679 munia
1400 2623 1549 2687 didit,

321 2710 331 2721 ·
393 2710 582 2749 saevus
602 2695 718 2761 erit,
740 2713 911 2769 neque
929 2700 1024 2765 sie,
1062 2707 1121 2756 ut
1139 2699 1368 2772 simplex
1386 2700 1636 2766 Naevius»,
1674 2707 1896 2756 unctam
