<?xml version="1.0" encoding="UTF-8"?>
<!DOCTYPE html PUBLIC "-//W3C//DTD XHTML 1.0 Transitional//EN"
    "http://www.w3.org/TR/xhtml1/DTD/xhtml1-transitional.dtd">
<html xmlns="http://www.w3.org/1999/xhtml" xml:lang="en" lang="en">
 <head>
  <title>
</title>
<meta http-equiv="Content-Type" content="text/html;charset=utf-8" />
  <meta name='ocr-system' content='tesseract 3.04.00' />
  <meta name='ocr-capabilities' content='ocr_page ocr_carea ocr_par ocr_line ocrx_word'/>
</head>
<body>
  <div class='ocr_page' id='page_1' title='image "./qhoratiiflaccio02weisgoog_0021.png"; bbox 0 0 2081 3169; ppageno 0'>
   <div class='ocr_carea' id='block_1_1' title="bbox 677 211 1628 268">
    <p class='ocr_par' dir='ltr' id='par_1_1' title="bbox 677 211 1628 268">
     <span class='ocr_line' id='line_1_1' title="bbox 677 211 1628 268; baseline -0.006 0"><span class='ocrx_word' id='word_1_1' title='bbox 677 220 974 268; x_wconf 81' lang='lat' dir='ltr'><strong>LIBER</strong></span> <span class='ocrx_word' id='word_1_2' title='bbox 1047 221 1092 266; x_wconf 89' lang='lat'>1.</span> <span class='ocrx_word' id='word_1_3' title='bbox 1573 211 1628 263; x_wconf 79' lang='grc' dir='ltr'>Η</span> 
     </span>
    </p>
   </div>
   <div class='ocr_carea' id='block_1_2' title="bbox 110 325 1415 475">
    <p class='ocr_par' dir='ltr' id='par_1_2' title="bbox 110 325 1415 475">
     <span class='ocr_line' id='line_1_2' title="bbox 110 325 1340 398; baseline -0.007 -16"><span class='ocrx_word' id='word_1_4' title='bbox 110 327 356 392; x_wconf 82' lang='lat' dir='ltr'>brachia,</span> <span class='ocrx_word' id='word_1_5' title='bbox 381 342 540 398; x_wconf 83' lang='lat' dir='ltr'>saepe</span> <span class='ocrx_word' id='word_1_6' title='bbox 565 325 728 389; x_wconf 89' lang='lat' dir='ltr'>disoo,</span> <span class='ocrx_word' id='word_1_7' title='bbox 1333 381 1340 385; x_wconf 46' lang='lat'>‚</span> 
     </span>
     <span class='ocr_line' id='line_1_3' title="bbox 188 395 1415 475; baseline -0.008 -17"><span class='ocrx_word' id='word_1_8' title='bbox 188 421 353 475; x_wconf 82' lang='lat' dir='ltr'>saepe</span> <span class='ocrx_word' id='word_1_9' title='bbox 374 411 522 456; x_wconf 90' lang='lat' dir='ltr'>trans</span> <span class='ocrx_word' id='word_1_10' title='bbox 545 401 704 455; x_wconf 82' lang='lat' dir='ltr'>finem</span> <span class='ocrx_word' id='word_1_11' title='bbox 727 398 899 455; x_wconf 83' lang='lat' dir='ltr'>iaculo</span> <span class='ocrx_word' id='word_1_12' title='bbox 919 396 1116 453; x_wconf 88' lang='lat' dir='ltr'>nobilis</span> <span class='ocrx_word' id='word_1_13' title='bbox 1136 395 1415 468; x_wconf 78' lang='lat' dir='ltr'>expedito?</span> 
     </span>
    </p>
   </div>
   <div class='ocr_carea' id='block_1_3' title="bbox 113 478 1484 622">
    <p class='ocr_par' dir='ltr' id='par_1_3' title="bbox 113 478 1484 622">
     <span class='ocr_line' id='line_1_4' title="bbox 113 478 774 546; baseline -0.008 -12"><span class='ocrx_word' id='word_1_14' title='bbox 113 478 260 546; x_wconf 87' lang='lat' dir='ltr'>Quid</span> <span class='ocrx_word' id='word_1_15' title='bbox 284 479 428 544; x_wconf 80' lang='lat' dir='ltr'>latet,</span> <span class='ocrx_word' id='word_1_16' title='bbox 450 485 521 540; x_wconf 70' lang='lat' dir='ltr'>,ut</span> <span class='ocrx_word' id='word_1_17' title='bbox 539 478 774 531; x_wconf 86' lang='lat' dir='ltr'>marinae</span> 
     </span>
     <span class='ocr_line' id='line_1_5' title="bbox 189 547 1484 622; baseline -0.006 -13"><span class='ocrx_word' id='word_1_18' title='bbox 189 555 373 609; x_wconf 84' lang='lat' dir='ltr'>filium</span> <span class='ocrx_word' id='word_1_19' title='bbox 395 554 584 609; x_wconf 88' lang='lat' dir='ltr'>dicunt</span> <span class='ocrx_word' id='word_1_20' title='bbox 602 551 839 607; x_wconf 87' lang='lat' dir='ltr'>Thetidis</span> <span class='ocrx_word' id='word_1_21' title='bbox 857 551 960 604; x_wconf 91' lang='lat' dir='ltr'>sub</span> <span class='ocrx_word' id='word_1_22' title='bbox 987 547 1281 622; x_wconf 87' lang='lat' dir='ltr'>lacrymosa</span> <span class='ocrx_word' id='word_1_23' title='bbox 1300 548 1484 602; x_wconf 81' lang='lat' dir='ltr'><strong>Troiae</strong></span> 
     </span>
    </p>
   </div>
   <div class='ocr_carea' id='block_1_4' title="bbox 114 629 1748 776">
    <p class='ocr_par' dir='ltr' id='par_1_4' title="bbox 114 629 1748 776">
     <span class='ocr_line' id='line_1_6' title="bbox 114 629 1748 696; baseline -0.006 -12"><span class='ocrx_word' id='word_1_24' title='bbox 114 629 326 696; x_wconf 82' lang='lat' dir='ltr'>funera,</span> <span class='ocrx_word' id='word_1_25' title='bbox 354 647 424 684; x_wconf 91' lang='lat' dir='ltr'>ne</span> <span class='ocrx_word' id='word_1_26' title='bbox 451 629 624 684; x_wconf 88' lang='lat' dir='ltr'>virilis</span> <span class='ocrx_word' id='word_1_27' title='bbox 1698 634 1748 676; x_wconf 80' lang='lat'>15</span> 
     </span>
     <span class='ocr_line' id='line_1_7' title="bbox 189 697 1563 776; baseline -0.007 -15"><span class='ocrx_word' id='word_1_28' title='bbox 189 706 376 761; x_wconf 87' lang='lat' dir='ltr'>cultus</span> <span class='ocrx_word' id='word_1_29' title='bbox 396 706 455 761; x_wconf 89' lang='lat' dir='ltr'>in</span> <span class='ocrx_word' id='word_1_30' title='bbox 475 704 688 760; x_wconf 87' lang='lat' dir='ltr'>caedem</span> <span class='ocrx_word' id='word_1_31' title='bbox 709 711 759 758; x_wconf 87' lang='lat' dir='ltr'>et</span> <span class='ocrx_word' id='word_1_32' title='bbox 777 703 968 776; x_wconf 84' lang='lat' dir='ltr'>Lycias</span> <span class='ocrx_word' id='word_1_33' title='bbox 987 701 1276 773; x_wconf 83' lang='lat' dir='ltr'>proriperet</span> <span class='ocrx_word' id='word_1_34' title='bbox 1294 697 1563 754; x_wconf 78' lang='lat' dir='ltr'>catervas?</span> 
     </span>
    </p>
   </div>
   <div class='ocr_carea' id='block_1_5' title="bbox 462 989 1302 1174">
    <p class='ocr_par' dir='ltr' id='par_1_5' title="bbox 462 989 1302 1174">
     <span class='ocr_line' id='line_1_8' title="bbox 611 989 1149 1047; baseline -0.006 0"><span class='ocrx_word' id='word_1_35' title='bbox 611 991 661 1047; x_wconf 83' lang='lat'>0</span> <span class='ocrx_word' id='word_1_36' title='bbox 723 989 784 1045; x_wconf 92' lang='lat' dir='ltr'>D</span> <span class='ocrx_word' id='word_1_37' title='bbox 841 989 896 1044; x_wconf 90' lang='grc' dir='ltr'><strong><em>Ε</em></strong></span> <span class='ocrx_word' id='word_1_38' title='bbox 1015 989 1149 1044; x_wconf 90' lang='grc' dir='ltr'>ΙΧ.</span> 
     </span>
     <span class='ocr_line' id='line_1_9' title="bbox 462 1124 1302 1174; baseline -0.008 0"><span class='ocrx_word' id='word_1_39' title='bbox 462 1131 567 1174; x_wconf 73' lang='lat' dir='ltr'>An</span> <span class='ocrx_word' id='word_1_40' title='bbox 637 1124 1302 1172; x_wconf 69' lang='lat' dir='ltr'>Tflamaucumu.</span> 
     </span>
    </p>
   </div>
   <div class='ocr_carea' id='block_1_6' title="bbox 717 1265 1053 1276">
    <p class='ocr_par' dir='ltr' id='par_1_6' title="bbox 717 1265 1053 1276">
     <span class='ocr_line' id='line_1_10' title="bbox 717 1265 1053 1276; baseline 0 1893"><span class='ocrx_word' id='word_1_41' title='bbox 717 1265 1053 1276; x_wconf 95' lang='lat' dir='ltr'> </span> 
     </span>
    </p>
   </div>
   <div class='ocr_carea' id='block_1_7' title="bbox 114 1377 1639 1494">
    <p class='ocr_par' dir='ltr' id='par_1_7' title="bbox 114 1377 1639 1494">
     <span class='ocr_line' id='line_1_11' title="bbox 114 1377 1639 1433; baseline -0.008 -8"><span class='ocrx_word' id='word_1_42' title='bbox 114 1385 283 1425; x_wconf 75' lang='lat' dir='ltr'>Hiemis</span> <span class='ocrx_word' id='word_1_43' title='bbox 299 1391 484 1433; x_wconf 77' lang='lat' dir='ltr'>tempore</span> <span class='ocrx_word' id='word_1_44' title='bbox 503 1380 795 1419; x_wconf 75' lang='lat' dir='ltr'>Thaliarchum</span> <span class='ocrx_word' id='word_1_45' title='bbox 813 1379 1014 1424; x_wconf 77' lang='lat' dir='ltr'>hortatur,</span> <span class='ocrx_word' id='word_1_46' title='bbox 1043 1386 1090 1417; x_wconf 84' lang='lat' dir='ltr'>ut</span> <span class='ocrx_word' id='word_1_47' title='bbox 1113 1380 1216 1417; x_wconf 76' lang='lat' dir='ltr'>laete</span> <span class='ocrx_word' id='word_1_48' title='bbox 1236 1378 1342 1415; x_wconf 84' lang='lat' dir='ltr'>diem</span> <span class='ocrx_word' id='word_1_49' title='bbox 1359 1377 1572 1426; x_wconf 69' lang='lat' dir='ltr'>transigat,</span> <span class='ocrx_word' id='word_1_50' title='bbox 1600 1383 1639 1414; x_wconf 74' lang='lat' dir='ltr'>et</span> 
     </span>
     <span class='ocr_line' id='line_1_12' title="bbox 251 1443 1522 1494; baseline -0.007 -8"><span class='ocrx_word' id='word_1_51' title='bbox 251 1460 417 1486; x_wconf 68' lang='lat' dir='ltr'>securus</span> <span class='ocrx_word' id='word_1_52' title='bbox 436 1445 584 1489; x_wconf 79' lang='lat' dir='ltr'>futuri,</span> <span class='ocrx_word' id='word_1_53' title='bbox 605 1443 880 1494; x_wconf 66' lang='lat' dir='ltr'>praesentibus</span> <span class='ocrx_word' id='word_1_54' title='bbox 901 1443 1016 1481; x_wconf 75' lang='lat' dir='ltr'>bonis</span> <span class='ocrx_word' id='word_1_55' title='bbox 1033 1443 1208 1481; x_wconf 77' lang='lat' dir='ltr'>fruatur.</span> <span class='ocrx_word' id='word_1_56' title='bbox 1259 1445 1383 1481; x_wconf 79' lang='lat' dir='ltr'>Metr.</span> <span class='ocrx_word' id='word_1_57' title='bbox 1402 1443 1522 1480; x_wconf 86' lang='lat' dir='ltr'><strong>XVI.</strong></span> 
     </span>
    </p>
   </div>
   <div class='ocr_carea' id='block_1_8' title="bbox 198 1558 1183 1849">
    <p class='ocr_par' dir='ltr' id='par_1_8' title="bbox 198 1558 1183 1849">
     <span class='ocr_line' id='line_1_13' title="bbox 198 1558 1183 1631; baseline -0.01 -8"><span class='ocrx_word' id='word_1_58' title='bbox 198 1558 402 1631; x_wconf 54' lang='lat' dir='ltr'>Vides,</span> <span class='ocrx_word' id='word_1_59' title='bbox 424 1572 487 1620; x_wconf 86' lang='lat' dir='ltr'>ut</span> <span class='ocrx_word' id='word_1_60' title='bbox 507 1563 608 1619; x_wconf 82' lang='lat' dir='ltr'>alta</span> <span class='ocrx_word' id='word_1_61' title='bbox 628 1570 727 1617; x_wconf 89' lang='lat' dir='ltr'>stet</span> <span class='ocrx_word' id='word_1_62' title='bbox 747 1562 871 1618; x_wconf 91' lang='lat' dir='ltr'>nive</span> <span class='ocrx_word' id='word_1_63' title='bbox 890 1559 1183 1616; x_wconf 88' lang='lat' dir='ltr'>candidum</span> 
     </span>
     <span class='ocr_line' id='line_1_14' title="bbox 199 1640 1149 1707; baseline -0.009 -8"><span class='ocrx_word' id='word_1_64' title='bbox 199 1644 427 1707; x_wconf 80' lang='lat' dir='ltr'>Soracte,</span> <span class='ocrx_word' id='word_1_65' title='bbox 455 1658 552 1696; x_wconf 86' lang='lat' dir='ltr'>neo</span> <span class='ocrx_word' id='word_1_66' title='bbox 571 1641 676 1693; x_wconf 87' lang='lat' dir='ltr'>iam</span> <span class='ocrx_word' id='word_1_67' title='bbox 697 1640 993 1693; x_wconf 82' lang='lat' dir='ltr'>sustineant</span> <span class='ocrx_word' id='word_1_68' title='bbox 1013 1653 1149 1691; x_wconf 87' lang='lat' dir='ltr'>onus</span> 
     </span>
     <span class='ocr_line' id='line_1_15' title="bbox 278 1714 1037 1789; baseline -0.009 -15"><span class='ocrx_word' id='word_1_69' title='bbox 278 1718 446 1774; x_wconf 86' lang='lat' dir='ltr'>silvae</span> <span class='ocrx_word' id='word_1_70' title='bbox 467 1716 779 1777; x_wconf 82' lang='lat' dir='ltr'>laboranteS‚</span> <span class='ocrx_word' id='word_1_71' title='bbox 802 1714 1037 1789; x_wconf 80' lang='lat' dir='ltr'>geluque</span> 
     </span>
     <span class='ocr_line' id='line_1_16' title="bbox 352 1791 1115 1849; baseline -0.008 0"><span class='ocrx_word' id='word_1_72' title='bbox 352 1793 580 1849; x_wconf 86' lang='lat' dir='ltr'>flumina</span> <span class='ocrx_word' id='word_1_73' title='bbox 597 1791 923 1846; x_wconf 83' lang='lat' dir='ltr'>constiterint</span> <span class='ocrx_word' id='word_1_74' title='bbox 943 1797 1115 1844; x_wconf 88' lang='lat' dir='ltr'>acuto.</span> 
     </span>
    </p>
   </div>
   <div class='ocr_carea' id='block_1_9' title="bbox 200 1882 1749 2177">
    <p class='ocr_par' dir='ltr' id='par_1_9' title="bbox 200 1882 1749 2177">
     <span class='ocr_line' id='line_1_17' title="bbox 202 1882 1749 1959; baseline -0.006 -15"><span class='ocrx_word' id='word_1_75' title='bbox 202 1884 445 1945; x_wconf 85' lang='lat' dir='ltr'>Dissolve</span> <span class='ocrx_word' id='word_1_76' title='bbox 463 1884 654 1959; x_wconf 80' lang='lat' dir='ltr'>frigus,</span> <span class='ocrx_word' id='word_1_77' title='bbox 679 1883 824 1957; x_wconf 85' lang='lat' dir='ltr'>ligna</span> <span class='ocrx_word' id='word_1_78' title='bbox 845 1901 1004 1955; x_wconf 81' lang='lat' dir='ltr'>super</span> <span class='ocrx_word' id='word_1_79' title='bbox 1024 1882 1138 1937; x_wconf 81' lang='lat' dir='ltr'>foco</span> <span class='ocrx_word' id='word_1_80' title='bbox 1724 1892 1749 1934; x_wconf 84' lang='lat'><strong>5</strong></span> 
     </span>
     <span class='ocr_line' id='line_1_18' title="bbox 200 1960 1135 2038; baseline -0.007 -18"><span class='ocrx_word' id='word_1_81' title='bbox 200 1966 347 2038; x_wconf 86' lang='lat' dir='ltr'>large</span> <span class='ocrx_word' id='word_1_82' title='bbox 365 1979 642 2034; x_wconf 69' lang='lat' dir='ltr'>reponem,</span> <span class='ocrx_word' id='word_1_83' title='bbox 669 1967 827 2031; x_wconf 87' lang='lat' dir='ltr'>atque</span> <span class='ocrx_word' id='word_1_84' title='bbox 846 1960 1135 2032; x_wconf 82' lang='lat' dir='ltr'>benignius</span> 
     </span>
     <span class='ocr_line' id='line_1_19' title="bbox 274 2034 1127 2112; baseline -0.008 -17"><span class='ocrx_word' id='word_1_85' title='bbox 274 2041 526 2112; x_wconf 83' lang='lat' dir='ltr'>deprome</span> <span class='ocrx_word' id='word_1_86' title='bbox 543 2036 890 2109; x_wconf 85' lang='lat' dir='ltr'>quadrimum</span> <span class='ocrx_word' id='word_1_87' title='bbox 911 2034 1127 2100; x_wconf 84' lang='lat' dir='ltr'>Sabina,</span> 
     </span>
     <span class='ocr_line' id='line_1_20' title="bbox 352 2111 1152 2177; baseline -0.005 -8"><span class='ocrx_word' id='word_1_88' title='bbox 352 2132 388 2169; x_wconf 92' lang='lat' dir='ltr'>o</span> <span class='ocrx_word' id='word_1_89' title='bbox 407 2111 738 2177; x_wconf 86' lang='lat' dir='ltr'>Thaliarche,</span> <span class='ocrx_word' id='word_1_90' title='bbox 764 2129 971 2165; x_wconf 89' lang='lat' dir='ltr'>merum</span> <span class='ocrx_word' id='word_1_91' title='bbox 993 2111 1152 2166; x_wconf 90' lang='lat' dir='ltr'>diota.</span> 
     </span>
    </p>
   </div>
   <div class='ocr_carea' id='block_1_10' title="bbox 201 2204 1747 2506">
    <p class='ocr_par' dir='ltr' id='par_1_10' title="bbox 201 2204 1747 2506">
     <span class='ocr_line' id='line_1_21' title="bbox 204 2204 1148 2276; baseline -0.008 -11"><span class='ocrx_word' id='word_1_92' title='bbox 204 2208 451 2265; x_wconf 81' lang='lat' dir='ltr'>Permitte</span> <span class='ocrx_word' id='word_1_93' title='bbox 472 2205 614 2261; x_wconf 87' lang='lat' dir='ltr'>divis</span> <span class='ocrx_word' id='word_1_94' title='bbox 633 2211 825 2259; x_wconf 85' lang='lat' dir='ltr'>cetera:</span> <span class='ocrx_word' id='word_1_95' title='bbox 869 2204 962 2276; x_wconf 89' lang='lat' dir='ltr'>qui</span> <span class='ocrx_word' id='word_1_96' title='bbox 987 2204 1148 2258; x_wconf 88' lang='lat' dir='ltr'>simul</span> 
     </span>
     <span class='ocr_line' id='line_1_22' title="bbox 201 2279 1747 2353; baseline -0.008 -11"><span class='ocrx_word' id='word_1_97' title='bbox 201 2294 435 2342; x_wconf 85' lang='lat' dir='ltr'>stravere</span> <span class='ocrx_word' id='word_1_98' title='bbox 456 2290 640 2337; x_wconf 80' lang='lat' dir='ltr'>ventos</span> <span class='ocrx_word' id='word_1_99' title='bbox 663 2298 887 2353; x_wconf 87' lang='lat' dir='ltr'>aequore</span> <span class='ocrx_word' id='word_1_100' title='bbox 906 2279 1109 2335; x_wconf 87' lang='lat' dir='ltr'>fervido</span> <span class='ocrx_word' id='word_1_101' title='bbox 1696 2288 1747 2331; x_wconf 89' lang='lat'>10</span> 
     </span>
     <span class='ocr_line' id='line_1_23' title="bbox 275 2357 1055 2433; baseline -0.008 -18"><span class='ocrx_word' id='word_1_102' title='bbox 275 2358 678 2433; x_wconf 76' lang='lat' dir='ltr'>deproelianteS,</span> <span class='ocrx_word' id='word_1_103' title='bbox 705 2374 801 2411; x_wconf 87' lang='lat' dir='ltr'>nec</span> <span class='ocrx_word' id='word_1_104' title='bbox 819 2357 1055 2427; x_wconf 88' lang='lat' dir='ltr'>cupressi</span> 
     </span>
     <span class='ocr_line' id='line_1_24' title="bbox 354 2432 1111 2506; baseline -0.008 -15"><span class='ocrx_word' id='word_1_105' title='bbox 354 2453 453 2491; x_wconf 89' lang='lat' dir='ltr'>nec</span> <span class='ocrx_word' id='word_1_106' title='bbox 473 2443 670 2489; x_wconf 88' lang='lat' dir='ltr'>veteres</span> <span class='ocrx_word' id='word_1_107' title='bbox 691 2433 954 2506; x_wconf 84' lang='lat' dir='ltr'>agitantur</span> <span class='ocrx_word' id='word_1_108' title='bbox 973 2432 1111 2486; x_wconf 90' lang='lat' dir='ltr'>orni.</span> 
     </span>
    </p>
   </div>
   <div class='ocr_carea' id='block_1_11' title="bbox 200 2523 1747 2829">
    <p class='ocr_par' dir='ltr' id='par_1_11' title="bbox 200 2523 1747 2829">
     <span class='ocr_line' id='line_1_25' title="bbox 200 2523 1338 2599; baseline -0.007 -15"><span class='ocrx_word' id='word_1_109' title='bbox 200 2529 344 2599; x_wconf 87' lang='lat' dir='ltr'>Quid</span> <span class='ocrx_word' id='word_1_110' title='bbox 364 2528 434 2582; x_wconf 89' lang='lat' dir='ltr'>sit</span> <span class='ocrx_word' id='word_1_111' title='bbox 453 2527 697 2581; x_wconf 80' lang='lat' dir='ltr'>futurum</span> <span class='ocrx_word' id='word_1_112' title='bbox 717 2542 850 2587; x_wconf 81' lang='lat' dir='ltr'>craS,</span> <span class='ocrx_word' id='word_1_113' title='bbox 876 2523 1000 2598; x_wconf 82' lang='lat' dir='ltr'>fuge</span> <span class='ocrx_word' id='word_1_114' title='bbox 1019 2540 1270 2595; x_wconf 90' lang='lat' dir='ltr'>quaerere</span> <span class='ocrx_word' id='word_1_115' title='bbox 1289 2530 1338 2576; x_wconf 89' lang='lat' dir='ltr'>et</span> 
     </span>
     <span class='ocr_line' id='line_1_26' title="bbox 201 2597 1338 2681; baseline -0.007 -20"><span class='ocrx_word' id='word_1_116' title='bbox 201 2622 365 2681; x_wconf 87' lang='lat' dir='ltr'>quem</span> <span class='ocrx_word' id='word_1_117' title='bbox 387 2621 501 2658; x_wconf 87' lang='lat' dir='ltr'>sors</span> <span class='ocrx_word' id='word_1_118' title='bbox 522 2602 732 2656; x_wconf 90' lang='lat' dir='ltr'>dierum</span> <span class='ocrx_word' id='word_1_119' title='bbox 752 2618 983 2673; x_wconf 91' lang='lat' dir='ltr'>cumque</span> <span class='ocrx_word' id='word_1_120' title='bbox 1003 2600 1168 2662; x_wconf 85' lang='lat' dir='ltr'>dabit,</span> <span class='ocrx_word' id='word_1_121' title='bbox 1194 2597 1338 2653; x_wconf 87' lang='lat' dir='ltr'>lucro</span> 
     </span>
     <span class='ocr_line' id='line_1_27' title="bbox 266 2676 1747 2753; baseline -0.009 -18"><span class='ocrx_word' id='word_1_122' title='bbox 266 2696 510 2753; x_wconf 60' lang='lat' dir='ltr'>‘appone3</span> <span class='ocrx_word' id='word_1_123' title='bbox 554 2694 652 2732; x_wconf 87' lang='lat' dir='ltr'>nec</span> <span class='ocrx_word' id='word_1_124' title='bbox 669 2676 850 2732; x_wconf 86' lang='lat' dir='ltr'>dulces</span> <span class='ocrx_word' id='word_1_125' title='bbox 871 2691 1075 2730; x_wconf 88' lang='lat' dir='ltr'>amores</span> <span class='ocrx_word' id='word_1_126' title='bbox 1695 2681 1747 2723; x_wconf 77' lang='lat'>15</span> 
     </span>
     <span class='ocr_line' id='line_1_28' title="bbox 352 2749 1251 2829; baseline -0.012 -18"><span class='ocrx_word' id='word_1_127' title='bbox 352 2772 544 2829; x_wconf 89' lang='lat' dir='ltr'>sperne</span> <span class='ocrx_word' id='word_1_128' title='bbox 562 2771 712 2827; x_wconf 90' lang='lat' dir='ltr'>puer,</span> <span class='ocrx_word' id='word_1_129' title='bbox 738 2769 910 2825; x_wconf 88' lang='lat' dir='ltr'>neque</span> <span class='ocrx_word' id='word_1_130' title='bbox 930 2759 989 2805; x_wconf 89' lang='lat' dir='ltr'>tu</span> <span class='ocrx_word' id='word_1_131' title='bbox 1016 2749 1251 2813; x_wconf 80' lang='lat' dir='ltr'>choreaS,</span> 
     </span>
    </p>
   </div>
  </div>
 </body>
</html>
