2081 3169
428 201 530 256 298
955 204 1066 249 DE
1142 202 1379 249 ARTE

432 305 699 376 adspirare
722 312 772 357 et
791 303 972 358 adesse
989 303 1165 357 choris
1184 311 1294 357 erat
1310 302 1476 368 utilis
1501 311 1657 375 atque

318 391 401 435 ,205
427 379 666 435 nondum
684 380 856 449 spissa
877 378 1038 432 nimis
1060 377 1320 449 complere
1338 378 1521 433 sedilia
1541 378 1693 433 flatu:

430 471 538 525 quo
557 471 683 507 sane
701 452 933 525 populus
953 452 1317 517 numerabilis,
1349 461 1525 524 utpote
1543 472 1762 523 parvus,

430 537 481 583 et
507 527 649 602 frugi
670 537 950 614 castusque
977 527 1414 599 verecundusque
1432 528 1619 582 coibat.

429 605 711 675 Postquam
730 604 897 675 coepit
915 619 1069 676 agros
1087 601 1363 657 extendere
1383 602 1565 667 victor,
1593 610 1643 657 et
1661 605 1849 658 urbem

432 678 581 733 latior
600 677 839 749 amplecti
862 694 1070 742 murus,
1096 678 1327 748 vinoque
1345 676 1537 732 diurno

216 787 225 802 f
322 764 402 807 210
428 753 622 824 placari
642 752 845 806 Genius
863 750 1042 806 foetis
1025 769 1248 822 impune
1270 751 1485 805 diebus·
1472 793 1484 817 ,

432 827 645 882 accessit
665 827 1007 898 numerisque
1024 825 1304 898 modisque
1323 825 1528 879 licentia
1549 826 1734 880 maior.

432 902 676 956 Indoctus
695 901 829 971 quid
847 902 989 955 enim
1011 909 1213 972 saperet
1231 900 1468 972 liberque
1487 900 1726 954 laborum

434 977 662 1029 rusticus
681 975 886 1030 urbano
904 974 1175 1040 confusus,
1201 977 1370 1045 turpis
1395 974 1647 1028 honesto?

432 1050 519 1104 Sic
537 1051 739 1122 priscae
759 1059 1071 1122 motumque
1086 1059 1137 1104 et
1155 1049 1421 1104 luxuriem
1441 1049 1642 1104 addidit
1659 1051 1756 1106 arti

323 1135 402 1179 215
428 1125 640 1189 tibicen,
663 1126 929 1197 traxitque
948 1142 1119 1198 vagus
1141 1141 1236 1196 per
1253 1124 1457 1194 pulpita
1476 1132 1692 1179 vestem.

430 1198 518 1253 Sic
535 1199 692 1253 etiam
714 1198 909 1254 fidibus
930 1216 1084 1255 voces
1109 1216 1315 1254 crevere
1332 1201 1546 1262 severi3‚

431 1282 482 1328 et
498 1272 618 1328 tulit
633 1272 906 1346 eloquium
927 1274 1200 1329 insolitum
1220 1272 1463 1328 facundia
1482 1291 1749 1345 praeceps,

432 1348 752 1421 utiliumque
772 1367 934 1423 sagax
956 1366 1133 1403 rerum
1158 1356 1209 1402 et
1226 1348 1408 1403 divina
1428 1347 1591 1402 futuri

432 1424 692 1496 sortilegis
712 1441 817 1478 non
838 1424 1125 1510 discrepuit
1144 1426 1396 1477 sententia
1417 1423 1652 1508 Delphis.

322 1509 402 1552 220
502 1499 748 1555 Carmine
766 1499 862 1570 qui
882 1499 1078 1572 tragico
1098 1497 1268 1553 vilem
1276 1487 1490 1551 certavit
1507 1498 1574 1553 ob
1595 1499 1830 1570 hircum,

433 1592 557 1629 mox
577 1574 734 1629 etiam
755 1581 994 1661 agrestes
1000 1572 1214 1647 Satyros
1234 1572 1472 1638 nudavit,
1496 1581 1547 1627 et
1565 1593 1719 1646 asper

434 1648 687 1704 incolumi
707 1651 961 1723 gravitate
980 1650 1154 1704 iocum
1174 1649 1392 1703 tentavit
1410 1666 1488 1713 e0,
1518 1650 1663 1721 quod

432 1723 687 1778 illecebris
705 1732 815 1779 erat
829 1733 880 1779 et
906 1731 1053 1798 grata
1082 1725 1309 1779 novitate
1329 1723 1615 1778 morandus

433 1806 703 1869 spectator,
728 1798 1049 1872 functusque
1066 1801 1227 1853 sacris
1245 1806 1296 1852 et
1312 1807 1468 1868 potus
1492 1806 1542 1853 et
1558 1799 1734 1856 exlex.

321 1883 399 1926 225
428 1873 623 1928 Verum
643 1875 713 1928 ita
733 1875 940 1939 risores,
967 1875 1035 1928 ita
1056 1873 1422 1928 commendare
1441 1873 1642 1928 dicaces

428 1949 701 2003 conveniet
720 1947 950 2022 Satyros,
977 1951 1049 2004 ita
1069 1957 1265 2003 vertere
1285 1948 1418 2002 seria
1441 1947 1583 2014 lude,

430 2039 513 2086 ne,
537 2023 863 2095 quicumque
880 2023 1029 2088 deuS‚
1046 2024 1375 2095 quicumque
1387 2023 1728 2080 adhibebitur
1746 2028 1926 2094 berec,

430 2095 590 2169 regali
612 2106 921 2169 conspectus
946 2099 1001 2153 in
1019 2116 1149 2153 aure
1169 2116 1338 2169 nuper
1354 2106 1404 2151 et
1422 2106 1577 2164 ostm,

427 2172 618 2245 migret
637 2173 692 2227 in
712 2173 962 2228 obscuras
982 2172 1177 2226 humili
1198 2189 1438 2227 sermone
1457 2173 1718 2258 tabernaS,

318 2256 398 2300 230
424 2255 531 2309 aut,
557 2247 688 2302 dum
708 2248 835 2302 vitat
854 2248 1102 2312 humum,
1130 2248 1296 2302 nubes
1315 2255 1366 2303 et
1385 2248 1562 2303 inania
1583 2257 1771 2320 captet.

426 2320 645 2376 Effutire
665 2322 805 2378 leves
824 2322 1043 2396 indigna
1064 2322 1326 2408 tragoedia
1346 2340 1549 2389 versuS,

427 2404 486 2451 ut
505 2395 648 2451 festis
669 2406 903 2452 matrona
920 2396 1155 2451 moveri
1139 2415 1285 2452 mssa
1302 2397 1510 2462 diebus·‚

426 2472 660 2525 intererit
678 2471 880 2558 Satyris
900 2470 1142 2544 paullum
1162 2471 1479 2543 pudibunda
1498 2475 1778 2543 protervis.

428 2547 543 2600 Non
564 2563 662 2618 ego
681 2546 918 2601 inornata
940 2554 990 2601 et
1006 2547 1332 2602 dominantia
1351 2548 1569 2603 nomina
1586 2548 1765 2604 solum

319 2630 396 2672 235
423 2621 707 2692 verbaque,
732 2623 964 2687 Pisone-⁴3,
990 2621 1297 2696 Satyrorum
1322 2623 1544 2694 scriptor
1563 2624 1783 2695 amah03

427 2711 523 2748 nec
541 2695 618 2748 sic
637 2696 803 2751 enitar
820 2697 1016 2771 tragico
1035 2696 1242 2753 differre
1260 2697 1437 2765 colori,

314 2810 497 2943 X-
