2081 3169
575 221 721 267 Lm.
758 222 802 267 1.
856 211 1103 269 EPIST.
1141 225 1208 270 11.
1535 223 1627 279 244

144 323 246 377 sub
265 320 482 377 domina
500 321 769 376 meretrice
787 318 972 375 fuisset
991 322 1159 393 turpis
1178 331 1227 378 et
1244 340 1445 394 excors,
1692 341 1744 385 25

144 397 364 452 vixisset
380 397 526 451 canis
545 394 859 451 immundus
878 394 962 451 vel
980 397 1150 451 amica
1169 397 1279 453 luto
1297 418 1410 456 sus.

143 473 251 526 Nos
272 487 535 526 numerus
548 488 756 535 sumus,
786 478 838 525 et
853 469 1033 543 fruges
1054 488 1360 530 consumere
1379 478 1506 543 nati,

144 546 325 618 sponsi
345 545 646 616 Penelopae,
672 544 977 610 nebulones,
999 543 1312 619 Alcinoique

146 622 203 678 in
224 628 342 676 cute
359 621 590 676 curanda
609 619 733 692 plus
751 637 921 692 aequo
938 622 1146 692 operata
1165 621 1434 690 iuventus,

145 697 232 751 cui
250 694 538 767 pulchrum
561 694 663 750 fuit
682 696 738 750 in
758 695 959 750 medios
979 695 1209 751 dormire
1228 697 1340 752 dies
1360 706 1411 753 et
1693 713 1744 756 30

147 771 213 825 ad
233 771 509 844 strepitum
528 770 755 826 citharae
773 778 1033 825 cessatum
1053 770 1242 827 ducere
1260 789 1461 829 curam.

149 847 213 900 Ut
232 845 475 919 iugulent
491 845 751 910 homines,
773 853 1001 919 surgunt
1018 846 1084 900 de
1102 855 1250 902 nocte
1270 848 1520 907 latrones:

145 928 205 975 ut
225 929 275 974 te
296 920 476 992 ipsum
494 937 689 985 serveS,
713 937 818 975 non
838 921 1250 994 expergisceris?
1285 923 1448 996 Atqui

148 997 192 1049 si
214 994 360 1049 noles
380 1012 562 1060 sanus,
584 1012 760 1050 curres
786 995 1136 1069 hydropicus;
1179 1003 1230 1051 et
1254 998 1311 1052 ni

148 1087 328 1141 posces
347 1077 466 1124 ante
485 1069 627 1124 diem
644 1069 842 1125 librum
862 1087 983 1124 cum
1006 1070 1227 1137 lumine,
1252 1074 1423 1129 sinon
1695 1086 1747 1130 35

149 1144 388 1199 intendes
406 1145 643 1200 animum
667 1145 857 1200 studiis
876 1153 927 1199 et
948 1146 1109 1201 rebus
1129 1146 1389 1203 honestis:

148 1218 354 1275 invidia
373 1218 454 1274 vel
476 1236 651 1274 amore
670 1219 797 1292 vigil
820 1221 1142 1291 torquebere.
1221 1222 1357 1277 Nam
1381 1241 1494 1290 cur,

148 1311 286 1368 quae
306 1293 519 1349 laedunt
535 1292 767 1358 oculum,
790 1293 1004 1350 festinas
1027 1295 1260 1351 demere:
1302 1298 1348 1350 si
1366 1299 1501 1369 quid

149 1376 226 1424 est
245 1369 506 1435 animum,
530 1369 708 1426 differs
726 1369 945 1426 curandi
964 1377 1175 1440 tempus
1193 1370 1249 1424 in
1269 1372 1509 1425 annum‘?

149 1443 444 1499 Dimidium
463 1442 601 1508 facti,
624 1443 720 1514 qui
737 1444 921 1515 coepit,
943 1443 1124 1510 habet3
1167 1459 1348 1514 sapere
1363 1445 1516 1510 aude,
1696 1454 1749 1500 4⁰

148 1519 353 1591 incipe!
395 1517 499 1584 Qui
518 1525 651 1573 recte
667 1517 881 1572 vivendi
900 1524 1145 1592 prorogat
1161 1517 1363 1582 horam,

149 1596 381 1650 rusticus
401 1601 677 1665 exspectat,
699 1592 830 1647 dum
849 1592 1044 1648 defluat
1059 1593 1258 1661 amnis;
1300 1600 1353 1647 at
1377 1592 1465 1649 ille

151 1671 347 1725 labitur
364 1677 415 1723 et
433 1669 637 1724 labetur
659 1667 715 1721 in
734 1685 890 1723 omne
907 1666 1158 1723 volubilis
1184 1685 1394 1723 aevum.

150 1744 433 1810 Quaeritur
451 1761 507 1797 ar
545 1751 746 1805 entum‚
770 1743 1057 1813 puerisque
1075 1741 1222 1796 beata
1240 1742 1478 1797 creandis

149 1835 304 1883 uxor,
327 1826 377 1871 et
395 1760 621 1872 incufftae
646 1823 898 1892 pacantur
913 1833 1124 1871 vomere
1140 1815 1322 1872 silvae.
1699 1827 1751 1875 45

155 1893 307 1961 Quod
324 1892 452 1948 satis
470 1900 548 1947 est
565 1892 652 1948 cui
670 1891 943 1964 contingit,
970 1890 1049 1946 nil
1051 1889 1302 1968 „amplius
1317 1899 1475 1964 optet.

152 1971 273 2023 Non
292 1967 486 2023 domus
505 1975 556 2021 et
572 1965 791 2030 fundus,
817 1983 921 2021 non
942 1967 1080 2021 aeris
1097 1983 1316 2024 acervus
1344 1976 1395 2024 et
1414 1968 1529 2024 auri

149 2050 362 2117 aegroto
381 2041 585 2096 domini
623 2041 844 2096 deduxit
860 2057 1075 2113 corpore
1091 2040 1277 2109 febres,

150 2137 261 2174 non
283 2118 463 2172 animo
478 2133 651 2170 curas·
729 2115 907 2170 Valeat
924 2133 1191 2187 possessor
1213 2123 1427 2189 oportet,

150 2195 197 2249 si
217 2191 552 2264 comportatis
581 2190 738 2246 rebus
757 2190 892 2247 bene
908 2192 1099 2263 cogitat
1115 2192 1215 2246 uti.
1701 2202 1753 2245 5ο

149 2269 259 2335 Qui
280 2267 427 2339 cupit
464 2272 555 2321 aut
574 2266 777 2329 metuit,
801 2266 948 2322 iuvat
966 2265 1122 2320 illum
1140 2265 1218 2319 sio
1235 2263 1426 2318 domus
1444 2271 1495 2319 et
1513 2281 1614 2329 res,

148 2351 213 2398 ut
234 2343 446 2414 lippum
466 2341 635 2412 pictae
648 2339 877 2406 tabulae,
901 2339 1128 2395 fomenta
1148 2337 1452 2411 podagram,

151 2416 424 2472 auriculas
449 2416 674 2471 citharae
693 2414 900 2470 collecta
920 2414 1073 2470 sorde
1090 2413 1341 2469 dolentes.

149 2492 433 2547 Sincerum
461 2497 540 2545 est
567 2490 673 2545 nisi
694 2507 786 2546 vas
798 2531 812 2556 ,
842 2489 1217 2562 quodcumque
1245 2485 1502 2554 infundis,
1533 2504 1647 2544 aoe-

1145 2563 1261 2617 scit.

151 2642 360 2713 Sperne
385 2637 699 2711 voluptates;
732 2647 880 2694 nocet
898 2645 1037 2693 emta
1055 2636 1230 2692 dolore
1249 2635 1509 2707 voluptas.
1707 2646 1758 2691 55

151 2717 379 2788 Semper
396 2731 590 2770 avarus
609 2721 752 2789 eget,
783 2722 985 2771 certum
1004 2720 1125 2771 voto
1142 2720 1258 2787 pete
1279 2713 1461 2769 finem.

232 2821 492 2861 maurus,
1385 2803 1432 2872 Q

1703 2850 1782 2901 ‘t'
