2081 3169
502 217 646 264 mn.
685 218 753 263 11.
811 219 1056 264 EPls'r.
1095 221 1164 266 11.
1484 215 1583 272 28¹7

78 320 319 383 audebit,
345 334 717 390 quaecumque
734 333 927 390 parum
946 318 1243 389 splendoris
1262 321 1536 378 habebunt

76 405 130 453 et
147 395 271 451 sine
290 393 524 465 pondere
546 400 704 448 erunt
721 401 772 448 et
790 393 988 448 bonore
1008 393 1230 466 indigna
1254 394 1501 464 meatur,

77 471 248 529 verba
267 484 481 525 movere
498 468 629 534 loeo,
651 468 902 540 quamvis
922 468 1090 522 invita
1111 469 1352 525 recedant

81 554 132 602 et
150 551 434 604 versentur
453 543 630 600 adhuc
649 544 785 599 intra
800 541 1088 614 penetralia
1107 543 1309 599 Vestae.

81 621 379 677 Obscurata
404 617 500 673 diu
518 617 717 690 populo
733 618 909 673 bonus
929 624 1076 671 eruet
1094 625 1256 690 atque

82 694 313 769 proferet
333 694 389 748 in
410 692 583 748 lucem
602 694 836 765 speciosa
860 690 1118 748 vocabula
1141 711 1340 759 rerum,

83 787 227 844 quae
245 768 438 840 priscis
457 775 741 823 memorata
761 767 1058 828 Catonibus
1070 774 1227 840 atque
1248 768 1493 843 Cethegis

83 861 235 901 nuno
252 843 390 897 situs
408 842 655 898 informis
668 843 863 914 premit
879 848 930 897 et
947 841 1150 896 deserta
1174 851 1430 899 vetustas:

84 919 344 975 adsciscet
364 934 520 983 nova,
544 935 685 989 quae
699 917 907 991 genitor
923 916 1232 989 produxerit
1255 937 1409 973 usus.

84 994 388 1051 Vehemens
407 1000 457 1047 et
477 991 717 1064 liquidus
734 1008 983 1064 puroque
996 992 1307 1048 simillimus
1327 994 1493 1060 amni,

82 1068 279 1124 fundet
292 1084 439 1139 opes,
463 1067 785 1139 Latiumque
807 1067 986 1122 beabit
1000 1066 1169 1124 divite
1187 1067 1398 1142 lingua3

84 1142 421 1199 luxuriantia
438 1147 748 1213 compescet,
771 1141 937 1197 nimis
960 1159 1146 1213 aspera
1164 1160 1294 1199 sano

84 1217 290 1274 levabit
310 1214 476 1282 cultu,
497 1216 692 1272 virtute
715 1217 945 1278 carentia
961 1216 1129 1285 tollen

86 1292 327 1349 ludentis
345 1291 574 1363 speciem
591 1290 756 1356 dabit,
779 1298 830 1346 et
853 1292 1200 1363 torquebitur,
1224 1294 1396 1366 utqui

86 1384 240 1425 nunc
258 1366 508 1439 Satyrum
525 1382 672 1421 nunc
688 1373 946 1439 agrestem
964 1365 1194 1439 Cyclopa
1219 1374 1484 1424 movetur.

168 1440 517 1498 Praetulerim
530 1441 753 1513 scriptor
770 1439 973 1496 delirus
991 1440 1244 1512 inersque
1261 1442 1447 1507 videri,

88 1519 229 1574 dum
252 1533 371 1571 mea
389 1514 640 1571 delectent
658 1514 798 1572 mala
816 1531 907 1570 me
923 1514 1007 1572 ⁷vel
1027 1515 1259 1588 denique
1284 1515 1484 1582 fallant,

89 1610 262 1667 quam
281 1609 462 1663 sapere
481 1598 533 1646 et
553 1591 718 1664 tingi.
795 1591 921 1646 Fuit
938 1590 1086 1646 haud
1106 1591 1360 1664 ignobilis
1383 1594 1559 1673 Argis,

90 1669 195 1742 qui
214 1684 273 1722 se
290 1666 530 1729 credebat
551 1667 719 1723 miros
734 1665 920 1722 audire
934 1665 1226 1739 tragoedos,

91 1746 155 1799 iu
176 1758 349 1798 vacuo
363 1739 530 1797 laetus
549 1757 725 1797 sessor
738 1739 1307 1817 plausorque'theatr03

90 1825 295 1875 caetera
312 1817 410 1888 qui
428 1817 568 1873 vitae
584 1824 813 1872 servaret
827 1817 1013 1871 munia
1032 1822 1171 1871 mete

92 1910 264 1958 more,
283 1892 456 1947 bonus
476 1908 607 1946 sane
621 1891 852 1957 vicinus,
876 1890 1122 1949 amabilis
1141 1890 1350 1963 hospes,

91 1968 266 2024 comis
286 1966 342 2021 in
359 1983 599 2032 uxorem,
621 1973 798 2038 posset
815 1966 915 2043 qui
932 1966 1203 2045 ignoscere
1219 1966 1387 2023 servis

91 2052 146 2100 et
166 2043 323 2115 signo
342 2040 480 2096 laeso
500 2057 606 2096 non
623 2041 857 2096 insanire
877 2040 1112 2116 lagenae,

92 2123 275 2191 posset
291 2117 388 2189 qui
406 2133 598 2188 rupem
614 2123 666 2171 et
680 2122 906 2188 puteum
923 2116 1088 2173 vitare
1104 2122 1384 2188 patentem.

93 2194 195 2248 Hic
213 2191 310 2247 ubi
330 2198 672 2321 cofnatorum
695 2192 891 2264 opibus
908 2193 1157 2263 curisque
1176 2189 1397 2246 remotus

94 2266 306 2399 {5333}
322 2267 390 2396 {²3
408 2266 749 2407 2250323?
763 2284 853 2397 mum
866 2266 1150 2405 &3233
1160 2280 1380 2402 32⁰⁰

93 2439 122 2471 »
137 2434 247 2473 non
267 2416 534 2481 servastis,
551 2437 576 2469 α
596 2417 685 2481 ait,
710 2417 833 2472 »cui
856 2417 933 2471 sic
951 2423 1151 2473 extorta
1168 2413 1414 2485 voluptas

94 2501 183 2549 »et
202 2492 412 2547 demtus
431 2508 525 2562 per
545 2491 659 2546 vim
680 2493 873 2547 mentis
892 2491 1228 2566 gratissimus
1248 2506 1410 2543 error.
1422 2507 1447 2541 (ι

173 2568 447 2622 Nimirum
463 2583 646 2638 sapere
664 2573 746 2622 est
762 2567 977 2621 abieetis
996 2564 1126 2619 utile
1152 2564 1331 2637 nugis,

93 2652 145 2698 et
168 2642 542 2714 tempestivum
561 2642 741 2714 pueris
765 2640 1045 2697 concedere
1070 2637 1279 2700 ludum,

94 2737 158 2775 ac
177 2735 289 2775 non
309 2717 470 2775 verba
486 2717 642 2791 sequi
662 2715 863 2774 fidibus
880 2712 1203 2772 modulanda
1220 2710 1440 2778 Latinis,

1615 631 1695 676 115

1619 1004 1698 1048 120

1621 1378 1699 1423 125

1620 1752 1699 1795 130

1624 2125 1701 2168 135

1624 2491 1704 2537 140
