2081 3169
508 216 653 262 LIB.
691 216 737 261 1.
798 212 1050 262 EPIST.
1088 215 1252 264 xvn.
1524 211 1626 267 265

387 440 1036 500 EPISTOLA
1130 442 1398 502 XVII.

581 558 686 603 An
746 558 1164 603 scaevam.

257 770 328 807 'Do
343 765 617 817 potentiorum
635 766 812 805 amicitia
828 768 1004 816 paranda
1014 768 1267 826 ‘colendnque
1282 766 1495 816 praecipit.

207 840 510 917 Quamvis,
550 849 768 916 Scaeva,
810 850 937 904 satis
965 867 1059 922 per
1085 859 1134 903 te
1158 850 1255 936 tibi
1284 849 1544 919 consuliS,
1576 858 1627 907 et

1122 941 1245 991 scie,

128 1017 243 1074 quo
262 999 475 1055 tandem
494 1006 644 1071 pacto
661 999 836 1054 deceat
854 999 1145 1054 maioribus
1163 1000 1242 1055 uti
1260 1019 1272 1055 ε

128 1076 295 1140 disee,
318 1073 587 1129 doeendus
607 1073 782 1130 adhue
799 1092 935 1146 quae
954 1081 1129 1129 censet
1154 1075 1444 1145 amiculus;
1489 1083 1551 1132 ut
1574 1077 1621 1132 si

128 1166 317 1206 caecus
338 1150 435 1203 iter
454 1156 742 1203 monstrare
764 1149 910 1214 velit,
941 1158 1117 1207 tamen
1138 1151 1364 1223 adspice,
1387 1153 1434 1206 si
1455 1152 1589 1225 quid

125 1233 186 1281 et
202 1240 319 1289 noa,
344 1223 489 1295 quod
506 1240 658 1278 cures
677 1224 949 1295 proprium
968 1224 1177 1292 fecisse,
1208 1226 1508 1298 loquamur.
1711 1241 1733 1281 5

128 1300 192 1355 Si
211 1306 263 1352 te
280 1306 426 1372 grata
443 1299 596 1371 quies
616 1306 667 1353 et
682 1298 911 1370 primam
931 1317 1151 1372 somnus
1172 1302 1228 1355 in
1251 1302 1434 1356 horam

130 1372 378 1438 delectat,
408 1374 456 1427 si
475 1381 525 1428 te
540 1373 719 1445 pulvis
739 1375 1092 1445 strepitusque
1110 1383 1362 1439 rotarum,

131 1449 183 1504 si
206 1446 365 1503 laedit
382 1463 619 1521 caupona
633 1491 646 1513 ‚
688 1449 1028 1503 Ferentinum
1051 1449 1125 1502 ire
1144 1448 1362 1502 iubebo:

130 1540 263 1579 nam
284 1539 458 1596 neque
475 1523 732 1578 divitibus
750 1524 1064 1597 contingunt
1088 1522 1279 1597 gaudia
1301 1522 1445 1587 soliS,

131 1616 234 1655 nee
251 1598 388 1655 vixit
405 1599 561 1665 male,
584 1599 680 1672 qui
701 1606 856 1654 natus
876 1599 1214 1669 moriensque
1232 1597 1430 1652 fefellit.
1686 1612 1734 1653 10

131 1674 192 1730 Si
217 1673 465 1746 prodesse
479 1672 585 1729 tuis
604 1673 890 1746 paulloque
908 1674 1196 1747 benignius
1219 1674 1397 1744 ipsum

129 1757 185 1805 te
205 1756 420 1804 tractare
438 1748 600 1814 voles,
625 1749 836 1804 accedes
855 1751 1026 1804 siccus
1052 1749 1121 1804 ad
1141 1755 1379 1803 unctum.

128 1842 160 1877 1>
172 1823 232 1878 Si
249 1823 529 1894 pranderet
542 1823 662 1880 olus
679 1825 950 1897 patienter,
975 1824 1192 1899 regibus
1212 1824 1291 1879 uti

129 1897 334 1952 »nollet
351 1898 672 1972 Aristippus.
687 1920 713 1953 α
788 1906 823 1957 ἱ
841 1900 934 1955 »Si
952 1900 1105 1955 sciret
1129 1900 1345 1974 regibus
1374 1901 1468 1965 uti,

129 1971 429 2029 »fastidiret
447 1973 584 2041 olus,
608 1974 704 2047 qui
724 1992 810 2031 me
830 1982 990 2031 notat.
1003 1996 1030 2030 α
1105 1977 1285 2032 Uti-ius
1304 1977 1493 2032 horum
1686 1988 1734 2028 15

129 2048 299 2104 verba
318 2049 506 2119 probes
525 2056 576 2104 et
592 2049 742 2115 facta,
766 2049 909 2116 doee,
934 2051 1017 2106 vel
1039 2052 1215 2107 iunior
1235 2052 1378 2117 audi,

129 2140 233 2178 cur
248 2123 320 2178 sit
337 2123 594 2196 Aristippi
613 2124 781 2196 potior
804 2127 1078 2180 sententia.
1157 2129 1399 2197 Namque

127 2197 437 2254 mordaoem
458 2198 719 2272 Cynicum
741 2201 819 2254 sie
836 2199 1097 2264 eludebat,
1118 2206 1179 2254 ut
1201 2201 1375 2254 aiunt:

125 2273 393 2328 »Scurror
409 2290 508 2346 ego
525 2274 639 2345 ipse
657 2275 810 2340 mihi,
835 2274 1031 2347 populo
1051 2282 1137 2341 tu3
1179 2275 1371 2327 rectius
1392 2272 1491 2325 hoe
1507 2279 1557 2325 et

127 2346 509 2420 »splendidius
539 2348 705 2404 multo
731 2356 842 2405 est:
906 2351 1096 2422 Equus
1120 2354 1181 2401 ut
1200 2364 1286 2401 me
1311 2352 1494 2417 portet,
1528 2347 1631 2401 alat

1130 2434 1241 2486 rex,
1686 2432 1737 2473 20

126 2496 412 2553 »officium
432 2496 584 2551 facio,
663 2499 742 2553 Tu
762 2499 937 2571 poscis
956 2497 1083 2553 vilia
1105 2513 1283 2552 rerum

126 2571 331 2628 »dante
354 2571 548 2638 minor,
573 2574 823 2644 quamvis
842 2573 946 2628 fers
967 2579 1014 2626 te
1032 2570 1235 2626 nullius
1259 2577 1515 2644 egentem.
1530 2591 1556 2623 «

131 2647 329 2703 Omnis
349 2645 683 2719 Aristippum
702 2649 877 2704 decuit
898 2646 1038 2702 eoler
1057 2653 1108 2701 et
1126 2653 1293 2700 status
1310 2652 1359 2699 et
1378 2648 1478 2710 re's,

130 2728 426 2779 tentantem
447 2722 663 2791 maiora,
685 2723 793 2780 fere
813 2723 1178 2799 praesentibus
1202 2734 1456 2796 aequum.
