2081 3169
427 219 522 270 tm
964 193 1362 259 EPonN

498 337 667 392 quum
690 316 857 371 Pallas
878 322 995 368 usto
1014 313 1170 366 vertit
1189 312 1320 363 iram
1341 309 1407 362 ab
1429 307 1523 361 uio

442 446 455 458 ,
576 395 630 446 in
654 392 871 461 impiam
893 388 1064 445 Aiacis
1087 394 1268 439 ratem.

319 483 370 525 15
502 468 547 522 Ο
568 475 798 539 quantus
819 465 977 517 instat
994 461 1187 515 navitis
1207 458 1367 514 sudor
1388 459 1511 518 tuis,

509 544 522 557 ⁸
577 542 780 611 tibique
797 538 963 609 pallor
982 537 1171 597 intenti,
1416 537 1421 544 '

503 624 553 670 et
573 615 657 669 illa
679 632 782 667 non
808 611 974 666 virilis
996 609 1224 670 eiulati0‚

578 707 754 761 preces
772 696 821 740 et
841 701 1087 739 aversum
1113 683 1179 736 ad
1199 684 1389 743 Iovem.

505 766 683 820 Ionius
704 762 808 815 udo
827 777 997 830 quum
1018 757 1320 826 remugiens
1345 754 1496 807 sinus

323 853 375 895 20
579 841 710 892 Noto
728 836 955 889 carinam
983 831 1206 902 ruperit!
1408 892 1412 896 1

511 914 699 984 Opima
721 909 910 980 quodsi
931 906 1120 977 praeda
1141 921 1303 957 curvo
1328 902 1495 956 littore

584 995 811 1057 porrecta
833 999 1037 1053 mergos
1059 979 1282 1044 iuveris;

511 1061 826 1115 libidinosus
849 1054 1207 1109 immolabitur
1230 1068 1384 1122 caper

454 1158 477 1167 ··
548 1182 561 1194 .
584 1142 633 1188 et
652 1151 785 1207 agna
805 1128 1239 1201 TempestatibUS.

823 1396 876 1450 E
914 1395 964 1448 P
1003 1394 1053 1448 ο
1090 1376 1149 1447 D
1189 1392 1237 1445 ο
1276 1389 1317 1446 s
1410 1388 1541 1443 xl.

934 1511 1024 1552 AD
1073 1506 1416 1550 PECTIUM.

441 1721 665 1769 Qum-itur,
693 1732 758 1762 se,
788 1722 995 1766 postquam
1022 1710 1226 1750 Inachiam
1251 1723 1380 1746 amare
1406 1706 1592 1749 desierit,
1620 1705 1699 1743 iam
1727 1706 1860 1743 denuo
1890 1705 1940 1744 in

761 1780 883 1817 alium
902 1789 1073 1815 amorem
1091 1773 1295 1811 incidisse.
1343 1773 1466 1810 Metr.
1491 1771 1607 1807 XIV.
1721 1764 1724 1765 ⁷

440 1877 596 1945 Petti,
623 1879 755 1935 nihil
778 1896 877 1942 me,
904 1879 1039 1930 sicut
1059 1880 1225 1934 antea,
1249 1872 1395 1942 iuvat

517 1957 741 2009 scribere
762 1950 1064 2014 versiculos»,
1088 1963 1263 2001 amore
1281 1959 1591 2014 percussum
1610 1941 1789 2015 gravi:

442 2049 632 2093 amore,
659 2031 753 2100 qui
777 2046 858 2081 me
876 2034 1076 2097 praeter
1096 2038 1278 2077 omnes
1296 2017 1490 2091 expetit

518 2104 768 2158 mollibus
790 2104 842 2155 in
863 2101 1039 2171 pueris
1059 2104 1149 2151 aut
1169 2097 1223 2149 in
1243 2091 1435 2164 puellis
1460 2107 1628 2145 urere.

332 2195 370 2235 εν
403 2222 420 2239 .
444 2182 539 2235 Hic
556 2179 737 2233 tertius
759 2175 1054 2237 December,
1079 2190 1146 2225 ex
1163 2186 1274 2241 quo
1291 2166 1465 2222 destiti

518 2252 726 2307 Inachia
747 2251 933 2313 furere,
958 2248 1110 2301 silvis
1130 2246 1380 2298 honorem
1401 2239 1612 2293 decutit.

443 2331 554 2382 Heu
576 2328 684 2379 me!
727 2342 819 2395 per
842 2324 1032 2376 Urbem
1052 2351 1127 2360 —-
1147 2336 1268 2372 nam
1290 2316 1450 2386 pudet
1471 2313 1595 2367 tanti
1617 2311 1743 2379 mali
1762 2341 1841 2352 —

487 2446 495 2453 .
519 2400 695 2455 fabula
715 2406 909 2469 quanta
934 2396 1009 2448 fui
1026 2397 1036 2447 1
1082 2390 1457 2448 Conviviorum
1477 2396 1527 2440 et
1548 2389 1789 2456 poenitet,

445 2478 501 2529 in
523 2481 645 2544 quis
667 2479 929 2526 amantem
944 2479 996 2523 et
1017 2469 1237 2538 languor
1255 2474 1306 2518 et
1323 2463 1593 2527 silentium
1733 2456 1739 2461 ’

334 2560 388 2601 10
520 2548 710 2618 arguit,
734 2555 782 2598 et
801 2546 954 2597 latere
974 2543 1165 2613 petitus
1187 2541 1294 2593 imo
1315 2538 1552 2608 spiritus,

445 2642 471 2671 ³>
483 2622 738 2674 Contrane
758 2618 965 2670 lucrum
986 2614 1257 2677 nil-valere
1275 2611 1559 2666 candidum

521 2691 800 2762 »pauperis
822 2687 1180 2760 ingeniumY«,
1200 2688 1456 2756 querebar
1475 2681 1753 2754 applorans
1776 2680 1924 2745 tibi„

344 2774 467 2851 Ἃ
738 2788 771 2827 A

472 2850 491 2867 Ῥ
672 2858 681 2866 u
