2081 3169
299 458 353 503 20

300 1207 352 1251 30

299 1584 351 1628 35

298 1956 351 2002 40

297 2332 348 2379 45

297 2707 350 2750 50

406 193 508 248 268
871 192 1434 241 ΕΡῙΒΤΟΙιΑΒΠΜ

407 297 712 370 Ambigitur
750 295 887 368 quid
922 294 1106 351 enim?
1151 295 1333 351 Castor
1370 295 1520 359 sciat,
1564 311 1632 349 an
1662 295 1918 353 Dolichos

1397 369 1549 442 plu„

409 446 760 503 Brundisium
776 445 980 502 Minuci
1000 443 1193 499 melius
1211 444 1301 500 via
1320 444 1479 499 ducat
1493 463 1561 500 an
1583 443 1748 516 Appi.

407 522 577 589 Quem
598 520 852 577 damnosa
871 520 1070 586 Venus,
1094 536 1258 591 quem
1276 535 1523 592 praeceps
1542 519 1653 574 alea
1680 521 1872 587 nudat,

406 595 572 671 gloria
593 614 757 669 quem
776 611 939 667 supra
960 596 1099 651 vires
1117 601 1169 648 et
1188 595 1342 650 vestit
1360 603 1411 650 et
1434 595 1607 668 ungit,

408 689 570 744 quem
588 679 728 726 tenet
746 670 949 744 argenti
967 670 1085 725 sitis
1104 670 1405 740 importuna
1427 669 1719 742 famesque,

408 764 569 819 quem
588 745 909 818 paupertatis
925 744 1099 817 pudor
1116 751 1168 799 et
1184 743 1339 817 fuga:
1368 744 1519 799 dives
1543 744 1768 810 amicuS,

408 839 562 893 saepe
580 820 757 876 decem
780 821 924 875 vitiis
943 819 1267 884 instructior,
1289 818 1401 874 odit
1416 826 1467 873 et
1483 820 1686 874 horret:
1815 821 1824 828 '

410 905 517 961 aut,
542 897 589 951 si
610 914 718 951 non
735 895 862 960 odit,
886 895 1037 967 regit,
1065 911 1126 949 ac
1144 893 1307 950 veluti
1323 894 1411 966 pia
1431 900 1615 959 mater,

408 971 532 1043 plus
549 988 714 1043 quam
732 988 790 1025 se
807 988 989 1042 sapere
1007 979 1059 1026 et
1078 970 1366 1026 virtutibus
1385 986 1499 1023 esse
1517 970 1748 1041 priorem

409 1045 543 1111 vult,
566 1053 617 1100 et
636 1047 708 1100 ait
725 1063 887 1118 prope
904 1063 1026 1102 vera
1047 1066 1061 1101 :
1103 1044 1285 1099 »Meae
1300 1043 1636 1117 (contendere
1653 1044 1764 1098 noli
1783 1046 1828 1119 !)

407 1119 723 1176 »stultitiam
740 1121 1014 1192 patiuntur
1032 1137 1186 1191 opae;
1226 1119 1327 1174 tibi
1344 1118 1567 1191 parvula
1592 1136 1676 1174 res
1697 1129 1805 1189 est3

410 1203 555 1251 »arta
575 1194 719 1250 decet
737 1213 930 1251 sanum
946 1196 1193 1250 comitem
1210 1201 1359 1268 toga3
1400 1194 1581 1249 desine
1600 1211 1817 1250 mecum

408 1278 694 1326 »certare«
768 1270 1105 1343 Eutrapelus,
1134 1269 1454 1342 cuicumque
1476 1286 1658 1324 nocere
1676 1270 1910 1338 volebat,

409 1346 719 1402 vestimenta
736 1345 895 1400 dabat
911 1346 1165 1417 pretiosa:
1202 1344 1388 1399 beatus
1404 1345 1547 1399 enim
1570 1345 1696 1410 iam,

408 1439 533 1476 cum
556 1420 797 1508 pulchris
815 1420 1011 1475 tunicis
1028 1426 1205 1476 sumet
1223 1437 1360 1476 nova
1378 1419 1598 1475 consilia
1614 1429 1667 1474 et
1685 1438 1833 1493 spes,

407 1496 631 1553 dormiet
650 1497 707 1552 in
728 1495 917 1562 lucem,
938 1503 1110 1551 scorto
1127 1502 1402 1567 postponet
1420 1495 1708 1551 honestum

408 1571 662 1639 officium,
689 1589 939 1628 nummos
957 1570 1156 1628 alienos
1174 1579 1367 1643 pascet,
1390 1602 1467 1613 —
1484 1569 1551 1627 ad
1572 1571 1748 1626 imum

409 1648 588 1703 Thrax
605 1647 704 1704 erit
722 1656 813 1703 aut
830 1647 1031 1704 olitoris
1051 1654 1169 1721 aget
1186 1646 1423 1703 mercede
1438 1645 1727 1702 caballum.

408 1723 676 1778 Arcanum
697 1740 871 1796 neque
888 1731 947 1779 tu
967 1722 1283 1778 scrutaberis
1303 1721 1451 1778 illius
1468 1740 1755 1795 umquam,

407 1800 861 1871 commissumque
879 1807 1022 1873 teges
1042 1805 1094 1853 et
1111 1798 1238 1854 vino
1256 1804 1424 1854 tortus
1442 1805 1494 1854 et
1512 1797 1610 1853 ira.

408 1874 516 1927 Nec
539 1881 627 1928 tua
649 1874 892 1930 laudabis
908 1872 1088 1933 studia
1106 1880 1197 1928 aut
1213 1871 1387 1929 aliena
1403 1869 1703 1944 reprendes,

409 1965 523 2013 nec,
548 1966 719 2019 quum
741 1950 922 2005 venari
941 1948 1083 2005 volet
1097 1947 1206 2013 ille,
1328 1955 1466 2003 mata
1482 1962 1706 2022 panges.

408 2023 585 2077 Gratia
607 2024 684 2077 sic
702 2023 923 2079 fratrum
942 2023 1158 2097 gemino
1285 2064 1299 2089 ,
1320 2022 1638 2096 Amphionis
1658 2032 1826 2098 atque

406 2099 571 2163 Zethi,
596 2097 846 2169 dissiluit,
869 2099 1036 2156 donec
1050 2106 1292 2170 suspecta
1315 2116 1498 2155 severo

405 2174 654 2229 conticuit
674 2172 810 2248 lyra.
886 2176 927 2229 F
932 2174 1155 2231 ram-nis
1174 2174 1394 2229 cessisse
1411 2181 1627 2246 putatur

407 2250 646 2304 moribus
664 2248 959 2321 Amphion:
1001 2257 1062 2305 tu
1079 2248 1206 2304 cede
1222 2250 1447 2321 potentis
1465 2249 1624 2304 amici

409 2324 619 2379 lenibus
639 2325 895 2396 imperiis,
917 2327 1232 2397 quotiesque
1249 2324 1435 2381 educet
1452 2324 1514 2379 in·
1527 2342 1686 2399 agros

406 2399 601 2455 Aetolis
619 2408 829 2454 onerata
848 2400 1021 2473 plagis
1047 2400 1282 2457 iumenta
1297 2417 1576 2472 canesque,

405 2492 566 2548 surge
589 2482 639 2529 et
657 2474 982 2530 inhumanae
999 2475 1213 2530 senium
1232 2475 1434 2548 depone
1451 2476 1732 2543 Camenae,

405 2567 589 2605 coenes
602 2558 667 2605 ut
684 2551 879 2622 pariter
897 2551 1171 2622 pulmenta
1192 2549 1463 2609 laboribus
1479 2558 1636 2617 emta,

407 2625 662 2679 Romanis
682 2625 916 2681 solemne
936 2626 1067 2681 viris
1085 2643 1239 2697 opus,
1267 2626 1395 2683 utile
1413 2625 1583 2681 famae

407 2699 654 2770 vitaeque
670 2708 721 2755 et
739 2701 1012 2767 membris,
1032 2703 1341 2774 praesertim
1363 2719 1535 2776 quum
1556 2702 1740 2760 valeas
1756 2712 1818 2762 et
