2081 3169
416 182 481 237 74

307 549 358 591 50

305 955 354 997 55

303 1362 353 1405 60

298 1807 350 1849 65

295 2214 348 2257 70

293 2621 345 2663 75

112 2775 461 3056 ‘X

963 190 1362 239 ODARUM

566 288 620 344 di
627 305 825 360 vosque
843 291 1193 363 mortalesque
1211 293 1393 347 turbas

642 366 861 436 imperio
882 367 1016 440 regit
1033 384 1178 421 unus
1196 385 1385 439 aequo.

491 466 745 539 Magnum
765 465 855 520 illa
878 473 1125 521 terrorem
1146 467 1392 522 intulerat
1409 468 1518 522 Iovi

491 540 658 594 fidens
678 541 927 597 iuventus
946 542 1159 596 horrida
1177 542 1427 607 brachiiS,

562 614 852 686 fratresque
871 616 1137 670 tendentes
1163 633 1323 687 opaco

638 690 815 745 Pelion
837 691 1156 763 imposuisse
1175 691 1424 766 Olympo.

487 794 591 849 Sed
609 795 742 865 quid
762 796 1045 871 Typhoeus
1070 803 1121 849 et
1142 795 1349 851 validus
1369 798 1576 868 Mimas,

488 878 579 924 aut
598 870 730 941 quid
751 871 945 924 minaci
966 872 1295 945 Porphyrion
1316 879 1471 938 statu,

564 945 697 1016 quid
715 945 966 1011 RhoetuS‚
991 945 1300 1018 evulsisque
1317 948 1517 1002 truncis

635 1019 933 1074 Enceladus
957 1020 1206 1076 iaculator
1231 1022 1407 1077 audax

486 1135 662 1183 contra
682 1136 952 1184 sonantem
973 1129 1201 1184 Palladis
1220 1130 1404 1202 aegida

484 1212 696 1275 possent
715 1203 961 1258 ruentes?
997 1206 1135 1260 Hinc
1152 1206 1342 1261 avidus
1367 1205 1504 1259 stetit

562 1279 848 1344 VulcanuS,
872 1280 1000 1334 hinc
1018 1288 1256 1335 matrona
1274 1283 1423 1345 Iunc,
1447 1290 1497 1334 et

636 1372 932 1426 numquam
952 1355 1192 1410 humeris
1210 1357 1479 1427 positurus
1499 1373 1699 1422 arcum,

484 1463 580 1532 qui
600 1480 715 1516 rore
732 1480 868 1534 puro
888 1463 1142 1519 Castaliae
1162 1464 1291 1533 lavit

484 1538 654 1592 crines
673 1538 888 1605 solutos,
913 1539 1010 1612 qui
1026 1541 1219 1614 Lyciae
1240 1548 1376 1595 tenet

558 1614 769 1669 dumeta
790 1615 1124 1687 natalemque
1149 1615 1359 1681 silvam,

630 1688 810 1744 Delius
829 1696 880 1745 et
897 1692 1143 1745 Patareus
1161 1690 1368 1763 Apollo.

485 1798 576 1852 Vis
594 1797 780 1853 consili
799 1815 986 1870 expers
1007 1801 1147 1855 mole
1166 1800 1272 1854 ruit
1294 1818 1418 1856 sua:

485 1873 595 1927 vim
617 1881 952 1944 temperatam
971 1874 1028 1929 di
1047 1892 1261 1948 quoque
1276 1875 1575 1947 provehunt

557 1948 611 2002 in
633 1949 834 2018 maius3
880 1949 1021 2004 idem
1039 1951 1353 2018 odere-vires

627 2040 785 2078 omne
805 2022 950 2079 nefas
972 2026 1151 2081 animo
1169 2031 1455 2082 moventes

482 2131 649 2185 Testis
675 2149 914 2188 mearum
933 2134 1266 2190 centimanus
1287 2135 1431 2209 Gyas

481 2208 877 2274 sententiarum,
902 2219 1060 2265 notus
1080 2218 1130 2265 et
1155 2210 1385 2283 integrae

550 2288 769 2337 tentator
789 2283 949 2341 Orion
967 2285 1181 2350 Dianae,

629 2358 868 2431 virginea
888 2359 1121 2414 domitus
1146 2358 1353 2432 sagitta.

477 2464 665 2520 Iniecta
687 2468 937 2521 monstris
955 2469 1113 2522 Terra
1133 2466 1272 2521 dolet
1290 2465 1423 2531 suiS‚

477 2547 776 2610 moeretque
794 2551 975 2610 partus
996 2542 1221 2597 fulmine
1241 2540 1478 2596 luridum

530 2673 533 2676 ,
553 2613 743 2666 missos
764 2615 831 2668 ad
850 2615 1075 2672 Orcum:
1119 2633 1215 2671 nec
1232 2615 1433 2687 peredit

628 2686 928 2757 impositam
947 2689 1083 2745 celer
1101 2690 1244 2764 ignis
1262 2690 1512 2746 Aetnam:
