2081 3169
377 407 431 454 45

377 783 429 827 50

488 218 588 275 276
951 221 1505 269 EPISTOLARUM
1567 269 1576 272 -

487 324 617 397 »qui
639 322 721 378 vel
742 340 924 378 mense
946 323 1097 378 brevi
1116 321 1200 377 vel
1222 329 1323 376 toto
1340 330 1419 376 est
1438 323 1613 377 iunior
1632 342 1794 382 anno.
1808 346 1832 378 α

490 406 523 455 ⁶1
546 400 668 453 Utor
687 400 963 470 permisso,
984 397 1290 469 caudaeque
1307 397 1444 468 pilos
1463 405 1521 452 ut
1539 399 1768 469 equinae

484 473 761 548 paullatim
786 472 949 538 vello,
972 481 1023 526 et
1038 472 1193 526 demo
1213 489 1404 536 unum,
1429 472 1583 527 demo
1600 475 1760 528 etiam
1787 494 1971 542 unum,

485 549 616 604 dum
637 548 786 603 cadat
804 548 986 603 elusus
1007 548 1206 602 ratione
1221 548 1422 601 ruentis
1447 548 1635 612 acervi,

486 625 582 697 qui
604 623 737 678 redit
754 624 809 677 in
831 622 988 677 fastos
1006 631 1057 676 et
1076 621 1325 677 virtutem
1354 622 1590 676 aoetimat
1612 624 1790 687 annis»,

487 699 816 770 miraturque
835 696 969 752 nihil
991 697 1097 751 nisi
1116 696 1263 768 quod
1281 696 1513 750 Libitina
1538 699 1782 752 sacravit.

486 774 714 838 Ennius,
741 781 793 826 et
812 773 1021 844 sapiens
1042 779 1094 826 et
1110 770 1276 836 sortis,
1299 778 1349 824 et
1367 771 1495 826 alter
1514 772 1791 837 HomeruS,

486 856 546 903 ut
563 848 728 901 critici
748 846 949 912 dicunt,
973 844 1157 901 leviter
1174 863 1358 901 curare
1383 845 1608 910 videtur,

486 940 596 995 quo
613 922 871 994 promissa
892 921 1083 976 cadant
1105 929 1155 975 et
1172 922 1380 975 somnia
1398 919 1742 993 Pythagorea.

485 999 717 1052 Naevius
734 997 792 1051 in
813 997 1063 1051 manibus
1083 1013 1188 1051 non
1208 1003 1303 1060 est,
1325 1003 1375 1048 et
1393 995 1659 1050 mentibus
1686 997 1866 1059 haeret

398 1089 417 1107 ·
484 1089 649 1145 paene
677 1070 891 1125 recens?
966 1070 1111 1125 Adeo
1129 1077 1372 1124 sanctum
1391 1077 1470 1123 ωε
1489 1078 1645 1125 vetus
1671 1089 1834 1128 omne
1859 1078 1978 1145 poe-

377 1231 428 1274 55

377 1606 427 1648 60

376 1979 426 2021 65

374 2352 428 2395 70

375 2721 428 2763 75

1471 1165 1584 1203 ma.

486 1220 792 1293 Ambigitur
810 1220 1033 1291 quoties,
1059 1225 1176 1273 uter
1194 1225 1313 1273 utro
1330 1220 1401 1272 sit
1416 1223 1576 1290 prior,
1600 1221 1773 1276 aufert

484 1295 748 1350 Pacuvius
768 1293 906 1348 docti
925 1292 1122 1348 samam
1140 1293 1302 1358 senia,
1324 1293 1515 1350 Accius
1535 1295 1652 1363 alti3

485 1369 679 1424 dicitur
696 1368 882 1423 Afrani
904 1375 1020 1441 toga
1039 1368 1349 1422 convenisse
1368 1369 1672 1434 Menandro,

486 1444 703 1499 Plautus
720 1443 789 1504 ad
807 1442 1077 1514 exemplar
1096 1441 1261 1496 Siculi
1279 1459 1555 1513 properare
1571 1445 1910 1516 Epicharmi,

454 1563 460 1570 .
485 1520 696 1574 vincere
715 1516 972 1573 Caecilius
990 1517 1262 1591 gravitate,
1288 1518 1560 1574 Terentius
1584 1527 1714 1574 arte.

483 1597 588 1650 Hos
608 1593 791 1648 ediscit
807 1600 858 1647 et
876 1592 973 1646 hos
993 1599 1104 1647 arto
1121 1593 1311 1663 stipata
1331 1595 1527 1650 theatro

484 1676 680 1742 spectat
696 1669 862 1723 Roma
882 1676 1084 1739 potens,
1108 1666 1265 1720 habet
1283 1668 1379 1723 hos
1399 1666 1753 1742 numeratque
1771 1683 1951 1744 poetas
2049 1664 2050 1681 ¹

485 1745 552 1800 ad
574 1752 814 1812 nostrum
840 1750 1050 1814 tempus
1069 1742 1190 1795 Livi
1210 1743 1475 1814 scriptoris
1498 1745 1564 1799 ab
1584 1762 1737 1801 aevo.

484 1818 755 1873 Interdum
772 1817 970 1890 vulgus
988 1823 1191 1870 rectum
1212 1816 1378 1886 videt;
1423 1826 1502 1873 est
1517 1819 1612 1874 ubi
1627 1830 1838 1890 peccat.

484 1893 541 1947 Si
561 1900 758 1947 veteres
777 1893 850 1946 ita
870 1892 1094 1946 miratur
1115 1889 1397 1964 laudatque
1412 1901 1607 1964 poetae,

485 1976 545 2022 ut
569 1966 703 2021 nihil
725 1966 990 2031 anteferat,
1014 1965 1150 2020 nihil
1171 1964 1279 2020 illis
1298 1976 1576 2039 comparet,
1600 1978 1771 2026 errat:
1811 2022 1846 2044 ⁸

484 2043 532 2096 si
547 2041 808 2113 quaedam
828 2042 992 2097 nimis
1012 2042 1246 2112 antique,
1270 2043 1317 2095 si
1335 2042 1584 2114 pleraque
1601 2043 1741 2100 dure

483 2117 654 2171 dicere
671 2116 809 2171 cedit
825 2134 931 2181 eos,
956 2117 1149 2189 ignave
1168 2116 1333 2171 multa
1359 2116 1562 2182 fatetur,

482 2202 533 2247 et
551 2192 687 2263 sapit
701 2200 751 2246 et
771 2209 981 2247 mecum
1001 2189 1123 2245 facit
1141 2196 1193 2245 et
1208 2191 1539 2246 Iove-iudicat
1557 2209 1756 2264 aequo.

483 2269 601 2322 Non
620 2267 866 2338 equidem
886 2267 1109 2321 insector
1127 2267 1415 2323 delendave
1432 2267 1670 2322 carmina
1692 2270 1824 2325 Livi

489 2359 603 2396 esse
629 2359 760 2406 reor,
783 2342 1002 2397 memini
1023 2359 1160 2413 quae
1177 2340 1458 2416 plagosum
1482 2341 1618 2395 mihi
1637 2361 1818 2414 parvo

484 2415 750 2471 Orbilium
770 2416 985 2471 dictare:
1027 2417 1121 2470 sed
1140 2416 1410 2473 emendata
1436 2416 1606 2470 videri

482 2489 812 2562 pulchraque
829 2498 881 2546 et
899 2492 1095 2546 exactis
1115 2492 1402 2548 minimum
1420 2490 1675 2545 distantia
1695 2492 1897 2563 miror}

485 2566 620 2619 inter
638 2582 776 2637 quae
794 2567 1016 2620 verbum
1036 2568 1253 2622 emicuit
1270 2566 1318 2620 si
1337 2564 1467 2619 forte
1485 2564 1767 2635 decorum,

483 2639 539 2691 si·
551 2656 736 2693 versus
756 2640 935 2710 paullo
953 2642 1258 2698 concinnior
1277 2658 1419 2696 unus
1439 2646 1489 2694 et
1508 2639 1658 2706 alter,

486 2711 682 2767 iniuste
699 2720 867 2779 totum
884 2715 1032 2772 ducit
1052 2718 1335 2790 venditque
1350 2731 1557 2789 poema.
