2081 3169
312 682 367 727 60

313 1055 367 1099 65

314 1428 370 1472 ⁴1⁰

317 1802 372 1847 75

420 193 523 252 264
886 195 1445 245 EPISTOLARUM

420 299 715 354 »damnum
733 304 829 364 eet,
853 315 959 353 non
976 297 1203 364 facinus,
1234 298 1370 352 mihi
1389 303 1540 369 paeto
1559 296 1732 352 lenius
1757 299 1881 354 isto.
1898 320 1927 353 α

420 374 515 430 vir
540 374 734 440 boum,
762 391 922 430 omne
946 370 1123 429 forum
1151 389 1315 445 quem
1344 379 1576 503 spclaftatal
1563 379 1614 426 et
1639 390 1802 429 omne
1830 376 1928 429 tri-

1345 469 1350 472 ·
1450 464 1526 502 un
1584 490 1596 512 ,

421 522 868 595 quandocumque
885 522 1010 577 deos
1030 520 1115 577 vel
1139 539 1299 593 pomo
1316 520 1400 577 vel
1425 522 1560 576 bove
1577 522 1765 594 placat,

422 598 581 652 »lene
599 605 744 669 pater
759 599 770 651 1
785 618 810 650 α
828 596 983 661 clare,
1006 595 1145 651 olere
1163 607 1336 670 quum
1356 595 1518 651 dixit}
1552 615 1587 647 o>
1596 597 1788 667 Apollo
1803 600 1816 652 l
1831 619 1860 651 α

425 671 571 727 labra
591 679 783 737 movet,
805 679 1046 725 metuens
1070 671 1272 726 audiri:
1315 671 1576 725 »Pulchra
1593 673 1858 739 Laverna,

423 746 527 801 »da
547 747 681 801 mihi
706 745 901 811 fallere,
925 745 994 799 da
1012 746 1153 800 iusto
1170 753 1455 818 sanctoque
1473 745 1660 811 videri,

423 829 662 876 »noctem
684 821 904 892 peccatis
924 828 975 875 et
992 818 1271 876 ftaudibus
1290 821 1459 875 obiioe
1483 820 1701 875 nubem.
1714 841 1740 874 α

422 895 529 962 Qui
549 895 733 951 melior
752 911 921 960 serve,
945 895 1042 966 qui
1064 894 1276 950 liberior
1293 896 1363 949 sit
1381 911 1591 960 averna,

423 971 483 1025 in
500 971 673 1025 triviis
696 970 866 1024 fixum
886 985 1059 1041 quum
1078 985 1136 1024 ee
1154 969 1379 1025 demittit
1396 970 1465 1024 ob
1483 983 1675 1035 assem,

424 1062 531 1100 non
548 1044 730 1101 video:
774 1061 918 1109 nam,
941 1044 1250 1116 quieupiet,
1275 1051 1469 1099 metuet
1495 1055 1736 1117 quoque3
1759 1059 1929 1117 porro

423 1122 520 1192 qui
537 1127 776 1174 metuens
798 1120 956 1184 vivet,
983 1117 1118 1174 liber
1136 1119 1272 1174 mihi
1291 1136 1397 1175 non
1415 1119 1515 1173 erit
1531 1136 1819 1191 umquam.

423 1193 653 1249 Perdidit
672 1211 834 1259 arma,
860 1193 1033 1248 locum
1055 1194 1265 1249 virtutis
1283 1192 1528 1260 deseruit,
1558 1195 1655 1265 qui

422 1286 630 1341 semper
650 1270 705 1323 in
726 1268 966 1342 augenda
985 1267 1196 1323 festinat
1212 1276 1262 1323 et
1277 1269 1519 1325 obruitur
1536 1285 1612 1322 re.

424 1344 659 1400 Vendere
676 1361 848 1415 quum
867 1344 1040 1415 possis
1059 1344 1347 1415 oeptivum,
1374 1343 1605 1399 occidere
1624 1343 1763 1399 noli:

430 1420 621 1475 serviet
638 1419 861 1475 utiliter:
881 1420 1020 1476 eine
1037 1426 1217 1490 paseat
1234 1418 1402 1473 durus
1421 1423 1652 1489 aretque,

425 1494 639 1567 naviget
657 1511 718 1549 ac
735 1493 927 1549 mediis
946 1494 1143 1549 hiemet
1160 1500 1413 1549 mercator
1430 1494 1486 1547 in
1506 1492 1688 1559 nudie,

423 1586 663 1625 annonae
680 1569 863 1642 prosit,
886 1573 1057 1641 portet
1074 1568 1336 1625 frumenta
1359 1583 1657 1641 penusque.

425 1643 518 1698 Vir
538 1644 711 1700 bonus
731 1652 782 1699 et
797 1645 1007 1717 sapiens
1025 1644 1242 1700 audebit
1262 1644 1457 1700 dicere:
1500 1644 1773 1699 »Pentbeu
1787 1685 1803 1711 ‚

424 1727 625 1773 »rector
643 1719 964 1785 Thebarum,
988 1718 1124 1792 quid
1142 1737 1229 1775 me
1243 1719 1470 1792 perferre
1493 1719 1711 1791 patique

426 1793 747 1909 »indignum
767 1793 990 1869 eogee?«
1037 1800 1073 1851 Ἰ
1092 1793 1375 1850 »Adimam
1394 1794 1552 1849 bona.
1564 1814 1590 1846 (ι
1631 1799 1666 1850 ἱ
1682 1795 1932 1868 »Nempe

427 1940 639 2007 »leotos‚
673 1949 978 2016 argentum:
1030 1942 1183 1998 tollas
1213 1943 1349 1998 lieet.
1362 1963 1387 1996 α
1405 1884 1930 2073 {eugeni-‘examinis

425 2090 806 2163 »compedibus
824 2109 982 2149 saevo
999 2100 1051 2146 te
1068 2092 1172 2148 sub
1192 2092 1405 2148 custode
1424 2093 1629 2148 tenebo,
1643 2114 1671 2146 α

425 2172 460 2223 ἱ
478 2167 633 2239 »Ipse
656 2166 807 2234 deus,
827 2167 1150 2240 simulatque
1165 2167 1360 2234 volam,
1389 2186 1475 2222 me
1493 2167 1680 2223 solvet.
1694 2189 1722 2222 α
1738 2200 1819 2211 —
1855 2169 1933 2224 Ο-

424 2318 528 2376 hoo
544 2319 727 2377 sentit.
767 2298 1022 2388 »Mox-iam
1035 2338 1064 2372 (ι
1094 2334 1238 2373 mors
1255 2244 1602 2374 ιιὴίωξίἰῖἓὲἀ
1621 2330 1811 2374 rerum
1829 2324 1928 2377 est.

316 2712 505 2827 Ἦ,
