2081 3169
696 203 988 250 LIBER
1061 207 1105 252 L
1617 203 1652 258 9

222 305 332 358 Nos
352 303 617 367 convivia,
642 322 736 359 nos
756 304 949 374 proelia
976 308 1268 379 virginum,

224 380 378 433 sectis
403 380 456 432 in
480 380 697 432 iuvenes
718 381 993 451 unguibus
1020 384 1239 448 acrium,

224 462 502 509 cantamus
526 454 694 518 vacui,
720 455 833 508 sive
852 455 986 525 quid
1005 457 1231 524 urimur,

300 546 406 584 non
430 537 631 601 praeter
648 529 863 583 solitum
884 529 1042 585 leveS.
1706 545 1758 588 20

614 816 663 869 0
727 816 898 869 DE
1016 816 1193 872 VII.

407 949 499 991 An
550 948 962 993 ΜΠΝΑΤῙΠΜ
1011 948 1382 994 PLANCUM.

745 1088 813 1095 -α

209 1194 315 1230 Prae
336 1191 427 1227 aliis
446 1190 629 1227 omnibus
649 1190 811 1226 urbibus
830 1191 960 1228 Tibur
978 1206 1060 1229 esse
1080 1193 1320 1229 laudandum
1349 1194 1485 1239 ἀπεὶς
1512 1193 1640 1229 Plan-

137 1268 334 1304 cumquc,
356 1254 439 1289 cius
464 1254 648 1295 incolam,
668 1253 864 1297 hortatur,
886 1262 942 1298 ut,
964 1255 1193 1304 ubicunque
1213 1256 1281 1294 sit.
1302 1255 1396 1292 vino
1418 1269 1529 1292 curas
1550 1257 1642 1304 pel-

136 1321 211 1362 lat,
236 1317 571 1367 quemadmodum
590 1319 746 1353 'rem-cr
765 1317 859 1354 olim
878 1319 1035 1361 fecerit,
1057 1319 1182 1367 patria
1204 1321 1356 1367 pulsus.
1382 1323 1504 1357 Mctr.
1525 1321 1640 1356 VIII.

135 1423 479 1485 Laudabunt
499 1429 586 1483 alii
609 1429 799 1483 claram
820 1431 1059 1494 Rhodon,
1086 1439 1176 1485 aut
1194 1431 1499 1504 Mitylenen,

216 1513 313 1559 aut
334 1504 596 1575 Epheson,
623 1505 908 1559 bimarisve
929 1505 1167 1559 Corinthi

133 1580 371 1643 moenia,
400 1579 480 1633 vel
502 1580 698 1634 Baccho
720 1580 942 1643 Thebas',
975 1578 1056 1633 vel
1079 1578 1320 1650 Apolline
1339 1580 1564 1652 Delphos

216 1657 479 1727 insigneS,
504 1664 592 1709 aut
613 1655 858 1709 Thessala
878 1656 1091 1725 Tempe.

133 1732 298 1794 Sunt,
324 1731 524 1802 quibus
546 1749 712 1784 unum
734 1749 867 1801 opus
887 1737 979 1794 est,
1014 1730 1230 1784 intactae
1251 1730 1475 1787 Palladis
1496 1751 1636 1788 arces
1725 1745 1750 1787 5

213 1806 454 1861 carmine
475 1813 719 1876 perpetuo
739 1806 1012 1869 celebrare,
1044 1813 1092 1859 et

132 1882 386 1951 undique
405 1881 696 1951 decerptam
722 1880 889 1934 frondi
910 1898 1226 1952 praeponere
1244 1882 1458 1937 olivam.

214 1956 511 2019 Plurimus,
540 1957 591 2009 in
615 1957 831 2010 Iunonis
855 1956 1120 2020 honorem,

134 2031 475 2104 aptum‘dicit
494 2032 644 2102 equis
666 2031 831 2103 Argos
857 2031 1095 2103 ditesque
1115 2033 1377 2105 Mycenas.

212 2109 300 2161 Me
321 2123 417 2160 nec
440 2114 540 2158 tam
570 2107 771 2176 patiens
792 2107 1163 2170 Lacedaemon,
1694 2118 1745 2159 10

135 2201 234 2237 nec
256 2191 365 2236 tam
388 2181 624 2234 Larissae
642 2182 898 2252 percussit
917 2199 1136 2252 campus
1155 2182 1381 2252 opimae,

210 2274 377 2329 quam
406 2255 598 2310 domus
619 2256 886 2310 Albuneae
913 2257 1218 2320 resonantiS,

134 2341 182 2386 et
202 2349 455 2404 praeceps
477 2332 612 2385 Anio
630 2349 687 2384 ac
708 2332 929 2385 Tiburni
951 2331 1122 2396 lucus,
1145 2339 1194 2384 et
1211 2329 1317 2385 uda

211 2406 508 2462 mobilibus
529 2407 762 2477 pomaria
785 2407 933 2461 riviS.

135 2482 310 2536 Albus
332 2490 391 2535 ut
410 2482 634 2536 obscuro
654 2482 880 2554 deterget
902 2481 1083 2535 nubila
1104 2479 1244 2536 coelo
1266 2512 1276 2522 ·
1695 2489 1745 2529 15

210 2574 367 2627 saepe
387 2558 571 2619 NotuS,
598 2574 767 2628 neque
787 2558 1007 2627 parturit
1026 2556 1224 2610 imbres

134 2639 442 2704 perpetuos:
488 2631 564 2684 sio
583 2639 638 2685 tu
659 2633 866 2702 sapiens
891 2632 1042 2685 finire
1068 2637 1327 2684 memento

210 2707 481 2762 tristitiam
504 2707 745 2780 vitaeque
764 2707 967 2762 labores
