2081 3169
543 179 682 263 ιη’.
725 213 770 262 ι.
826 216 1072 264 ΕΡιετ.
1110 216 1156 264 1.
1494 213 1597 271 239

117 316 299 373 crustis
318 322 369 371 et
386 317 561 387 pomis
581 315 771 370 viduas
792 326 1048 372 venentur
1066 335 1266 384 avaraS,

116 392 476 463 excipiantque
493 406 664 454 seneS,
689 405 824 461 quos
841 391 899 445 in
917 392 1120 447 vivaria
1147 393 1355 447 mittant
1370 413 1382 462 3

115 466 291 521 multis
309 466 510 520 occulto
528 464 712 520 erescit
728 481 812 518 res
836 462 1062 521 foenore.
1139 466 1338 522 Verum
1566 477 1570 482 ’
1652 480 1703 522 80

115 548 236 604 esto,
260 540 378 594 aliis
397 540 527 594 alios
550 539 710 593 rebus
731 538 1028 612 studiisque
1047 540 1237 595 teneri:

113 615 274 669 iidem
289 614 469 668 eadem
490 619 711 684 possunt
727 612 912 668 horam
932 615 1122 668 durare
1144 616 1457 686 probantes?

112 708 138 741 >³
149 688 336 743 Nullus
356 689 412 743 in
431 689 556 742 orbe
574 687 726 742 sinus
741 687 882 754 Baiis
897 688 1161 760 praelucet
1176 691 1447 744 amoenis«

113 764 158 817 si
176 762 310 816 dixit
328 762 495 826 (lime,
521 761 666 816 lacus
685 768 738 814 et
754 778 899 816 mare
916 763 1074 817 sentit
1092 780 1324 819 amorem

112 836 401 891 festinantis
418 836 558 890 heri:
601 835 688 889 cui
707 836 754 889 si
774 835 961 891 vitiosa
979 836 1146 891 libido
1650 852 1701 894 85

111 910 281 965 fecerit
297 910 613 980 auspicium,
637 926 788 968 »cras
806 908 1117 974 ferramenta
1137 912 1373 970 Teanum

111 984 347 1048 mollenis,
370 982 505 1038 fabri
521 984 532 1037 1
548 1004 574 1037 α
610 984 799 1038 Lectus
815 984 1042 1057 genialis
1062 986 1117 1040 in
1138 986 1258 1040 aula
1277 994 1381 1042 est:

110 1059 184 1113 nil
208 1060 280 1114 ait
296 1075 411 1113 aese
429 1057 598 1128 prius,
623 1057 819 1114 melius
834 1057 909 1112 nil
931 1060 1127 1122 caelibe
1146 1061 1280 1116 vita:

108 1135 154 1188 si
174 1151 279 1189 non
299 1140 395 1196 est,
420 1132 558 1187 iurat
575 1132 709 1187 bene
727 1131 854 1186 solis
873 1150 985 1188 esse
1003 1134 1226 1190 maritis„

107 1208 222 1274 Quo
238 1213 442 1261 teneam
461 1205 643 1262 vultus
663 1213 953 1262 mutantem
974 1209 1153 1267 Protea
1175 1210 1349 1265 nodo?
1647 1223 1699 1265 90

106 1282 246 1348 Quid
263 1279 497 1352 pauper?
532 1280 690 1335 Ridel
732 1288 900 1336 mutat
917 1284 1212 1348 coenacula,
1237 1283 1411 1350 lectOS,

104 1355 307 1421 balnea,
331 1363 589 1410 tonsores:
631 1354 886 1414 conducto
902 1357 1116 1432 navigio
1135 1375 1301 1427 aeque

105 1439 321 1485 nauseat
339 1447 399 1484 ac
418 1428 665 1500 locupleS‚
691 1446 853 1500 quem
878 1430 1027 1489 ducit
1038 1432 1190 1500 priva
1210 1431 1457 1486 triremiS.

102 1505 159 1559 Si
176 1511 409 1559 curtatus
427 1502 691 1574 inaequali
712 1509 914 1564 tonsore
938 1504 1155 1574 capillos

101 1597 335 1642 oocurm,
360 1577 525 1632 rides:
567 1578 614 1631 si
636 1576 765 1632 forte
783 1578 1045 1639 subucula
1071 1596 1236 1650 pexae
1644 1593 1695 1635 95

102 1655 219 1708 trita
241 1654 422 1708 subest
443 1652 668 1715 tunicae,
695 1653 776 1709 vel
803 1655 849 1715 si
870 1661 988 1725 toga
1008 1653 1229 1708 dissidet
1247 1653 1434 1723 impar,

99 1728 268 1782 rides:
311 1727 463 1798 quid,
486 1742 600 1780 mea
622 1744 792 1797 quum
812 1734 1016 1799 pugnat
1034 1727 1287 1781 sententia
1305 1745 1513 1796 secum3

99 1802 248 1874 quod
269 1802 434 1872 petiit,
460 1801 685 1870 spernit;
729 1803 911 1871 repetit
929 1800 1075 1872 quod
1093 1818 1262 1871 nuper
1280 1803 1484 1871 omisit3

98 1883 301 1930 aestuat
318 1883 369 1929 et
386 1875 522 1929 vitae
540 1874 867 1935 disconvenit
885 1876 1069 1933 ordine
1092 1883 1223 1943 toto,
1289 1910 1292 1915 -

96 1950 281 2013 diruit,
305 1948 557 2011 aedificat,
582 1957 751 2009 mutat
768 1950 1021 2020 quadrata
1048 1951 1317 2008 rotundis:
1618 1963 1697 2004 100

94 2023 333 2078 insanire
352 2030 504 2093 putas
523 2020 777 2083 solemnia
797 2042 899 2088 me,
926 2043 1097 2096 neque
1115 2025 1273 2089 rideS‚

92 2115 193 2153 nec
212 2096 406 2151 medici
427 2095 593 2150 eredis
614 2115 709 2153 neo
725 2099 976 2157 curatoris
1001 2117 1153 2172 egere

91 2191 122 2226 a
140 2178 382 2243 praetore
402 2170 527 2233 dati,
553 2186 730 2227 rerum
750 2172 908 2229 tutela
924 2190 1166 2229 mearum

90 2263 268 2317 quum
291 2245 366 2298 sis
387 2251 438 2298 et
454 2261 615 2314 prave
631 2254 833 2303 sectum
854 2246 1191 2303 stomacheris
1212 2245 1279 2298 ob
1298 2261 1530 2315 unguem

88 2320 158 2373 de
178 2328 229 2373 te
246 2318 546 2389 pendentis,
568 2327 619 2373 te
645 2322 970 2391 respicientis
990 2320 1145 2374 amici
1160 2316 1189 2371 ‘2
1618 2327 1696 2368 105

86 2393 174 2447 Ad
192 2410 489 2458 summam,
512 2393 722 2464 sapiens
742 2412 850 2456 uno
870 2396 1043 2451 minor
1062 2400 1140 2448 est
1157 2394 1295 2455 Iove,
1321 2391 1488 2454 dive-S,

84 2467 245 2531 liber,
273 2467 578 2534 honoratus,
601 2469 837 2538 pulcher,
868 2486 962 2524 rex
980 2468 1212 2538 denique
1230 2484 1433 2537 regum,

80 2542 375 2613 praecipue
393 2559 574 2608 sanus,
598 2544 704 2599 nisi
723 2561 894 2615 quum
912 2542 1099 2613 pituita
1120 2541 1334 2601 molesta
1352 2547 1448 2594 est.
