2081 3169
348 1653 398 1694 10

345 2044 394 2085 15

339 2433 391 2476 20

464 199 530 255 π
990 191 1416 259 'onAnun

862 455 912 513 0
971 459 1033 513 D
1095 458 1148 514 E
1264 461 1580 519 XXIII.

944 573 1040 616 Ao
1085 577 1477 623 panLEN.

459 773 709 813 Dehortatur
728 789 812 813 eam
823 802 837 821 ,
866 790 917 815 ne
934 790 1091 827 magnas
1109 778 1260 817 hostias
1285 780 1491 820 immolare
1515 783 1684 831 cogitet,
1711 787 1804 835 quia
1818 786 1946 826 tenui·

485 837 602 875 etiam
624 840 744 885 donn,
762 839 795 877 si
817 854 916 890 pura
933 849 1067 880 mente
1080 843 1313 888 afferantur,
1334 846 1427 882 deos
1445 847 1618 895 placent.
1665 850 1788 888 Metr.
1804 850 1913 889 xvt.
1929 866 1943 878 ·

537 929 703 994 Caelo
724 940 943 1011 supinas
962 947 1009 995 si
1030 941 1213 1006 tuleris
1234 961 1426 1000 manus

537 1014 779 1068 nascente
798 1017 967 1080 Luna,
994 1018 1189 1072 rustica
1208 1019 1449 1094 Phidyle,

611 1089 653 1141 si
677 1089 831 1143 thure
850 1089 1074 1161 placaris
1093 1100 1142 1146 et
1160 1092 1328 1149 horna

684 1162 835 1236 fruge
855 1166 1032 1230 Lat-ee,
1058 1167 1322 1252 avida-que
1341 1187 1519 1240 porca3

537 1271 632 1306 neo
649 1254 978 1324 pestilentem
999 1258 1187 1312 sentiet
1204 1258 1441 1314 Africum

535 1326 755 1382 fecunda
778 1330 919 1395 vitis,
946 1349 1043 1385 nec
1061 1333 1292 1387 sterilem
1312 1352 1460 1408 seges

607 1404 920 1476 robiginem,
945 1413 1036 1459 aut
1055 1406 1235 1462 dulces
1256 1408 1458 1463 alumni

680 1478 933 1548 pomifero
950 1498 1114 1553 grave
1135 1489 1341 1554 tempus
1361 1501 1518 1538 anno.

532 1570 666 1623 Nam
687 1588 825 1642 quae
847 1571 1008 1627 nivali
1029 1574 1264 1645 pascitur
1283 1573 1475 1648 Algido

530 1644 732 1711 devota,
756 1664 984 1718 quercus
1005 1649 1140 1703 inter
1164 1656 1215 1703 et
1233 1648 1395 1715 ilices,

605 1728 697 1775 aut
714 1724 899 1775 crescit
916 1722 1140 1777 Albanis
1159 1725 1216 1778 in
1238 1724 1436 1788 herbis,

679 1797 911 1862 viotima,
935 1798 1251 1853 Pontificum
1268 1816 1476 1853 secures

528 1888 727 1942 cervice
746 1889 929 1960 tinget.
1010 1890 1082 1944 Te
1102 1889 1236 1943 nihil
1256 1891 1437 1945 attinet

527 1969 721 2015 tentare
742 1963 909 2016 multa
926 1963 1083 2018 caede
1101 1964 1396 2019 bidentium

564 2069 566 2071 -
599 2053 793 2106 parvos
812 2049 1144 2092 coronantem
1168 2040 1375 2094 marino

675 2129 789 2165 rore
808 2111 933 2166 deos
954 2111 1238 2187 fragilique
1257 2121 1450 2188 myrto.

526 2201 789 2255 Immunis
809 2221 951 2256 aram
972 2195 1022 2256 'si
1048 2204 1212 2277 tetigit
1228 2221 1443 2270 manus,

525 2291 629 2328 non
652 2283 923 2331 sumtuosa
945 2277 1189 2332 blandior
1208 2278 1378 2333 hostia

598 2349 826 2404 mollivit
845 2369 1055 2405 aversos
1077 2354 1292 2407 Penates

676 2423 811 2480 farre
828 2426 918 2496 pio
937 2434 986 2480 et
1006 2426 1223 2482 saliente
1247 2427 1404 2483 mica.
